3034 4934
1038 363 1137 412 Du
1184 361 1299 412 111.
1347 363 1560 413 CONS.
1604 365 1892 417 HoNoR.

359 503 535 560 tamen
558 506 746 559 honam
770 508 972 574 copiam
987 508 1039 557 in
1064 508 1419 560 Occidentem
1499 522 1588 559 111.
1621 512 1702 560 26.

2393 348 2565 422 1317

1766 510 1867 559 Vel
1889 516 2092 575 septem
2152 510 2330 562 fontes
2361 512 2563 564 Timavi

351 581 579 635 diues-at
610 585 949 649 Theodosius,
975 595 1109 649 pars
1143 586 1301 637 etiam
1325 601 1419 636 sua
1497 581 1700 649 alludit,
1722 586 1789 636 de
1813 585 1999 650 quibus
2022 587 2229 651 Strabo’,
2248 588 2286 637 1.
2309 601 2361 639 V.
2384 589 2565 641 Barth.

353 655 543 740 sponte
575 660 785 713 fueraut
832 669 1189 712 transeuntem
1234 663 1420 727 secuti,

353 729 415 788 'ut
453 738 692 789 Socrates
729 746 787 789 et
823 738 1131 788 Soaomenus
1164 739 1416 791 scribunt.

352 814 534 866 Barth.

420 895 514 941 113
553 867 821 956 Rhodopeia
835 908 956 943 saxa
981 892 1206 959 Orpheis]
1241 893 1413 945 Notae

352 951 568 1018 Fabulae
593 968 861 1034 Orpheum
897 971 1163 1022 Thraciam
1182 971 1415 1025 coluisse.

352 1043 534 1095 Barth.

418 1125 513 1172 116
548 1121 726 1174 Pelion
758 1124 935 1188 intras]
990 1124 1411 1178 Promontorium

352 1203 521 1250 totum
548 1201 830 1251 Thessaliae
867 1202 965 1251 lioc
992 1202 1199 1251 nomine
1235 1216 1413 1254 cense-

350 1282 460 1327 tur.
526 1277 690 1327 Nerei
729 1278 885 1329 Chori
921 1277 1118 1342 nu'ptiae
1162 1278 1311 1330 Pelei
1356 1289 1413 1331 et

347 1353 624 1419 Thetidis,
646 1357 926 1408 Poetarum
966 1358 1240 1409 cantilenis
1278 1360 1413 1444 cele-

351 1429 686 1484 brutissimae.
710 1435 860 1484 Idem.

414 1501 516 1559 116'
546 1510 719 1560 Nereis
749 1511 935 1561 illustre
953 1509 1135 1575 choris]
1188 1511 1303 1562 Imo
1339 1516 1412 1563 to·

346 1584 439 1651 ris,
492 1587 748 1654 quomodo
803 1581 1048 1653 Gyrald.‘·
1076 1588 1218 1652 prior
1245 1575 1411 1641 zeid.

345 1661 579 1714 Floreat.
613 1665 682 1714 S.·
702 1665 870 1714 Marci
908 1671 965 1714 et
1001 1661 1410 1717 unus‘Amhr-os.

346 1736 577 1802 Nuptias
600 1739 751 1789 Pelei
788 1745 844 1791 et
878 1739 1113 1790 Thetidis
1139 1740 1190 1790 iu'
1230 1746 1410 1793 monte

344 1811 497 1863 Pelio
518 1813 805 1866 celebratas
823 1817 996 1879 tangit
1015 1832 1028 1866 z
1048 1817 1225 1880 nupsit
1248 1824 1310 1867 e't·
1323 1818 1410 1870 hic

344 1889 512 1939 ni'ater
531 1890 769 1941 Chironis
793 1891 1031 1957 Philyre:
1052 1892 1189 1942 uude
1209 1892 1411 1959 Φιλύρης

344 1963 567 2036 νυμφεῖον
602 1968 747 2018 locus
785 1968 867 2018 hic
892 1969 1211 2020 Callimacho
1235 1967 1407 2023 dictus

342 2041 535 2107 hymno
578 2043 633 2094 in
667 2046 878 2096 Delum.
945 2047 1122 2097 Simile
1165 2047 1408 2101 mendum

343 2122 480 2185 apud
517 2123 633 2173 Val.
673 2124 939 2185 Flaccum,
958 2123 1049 2175 lib.
1082 2139 1134 2176 V.
1166 2126 1184 2156 ‘
1209 2126 1411 2177 Praete·

343 2210 433 2248 rea
452 2196 664 2249 infernae
687 2214 802 2264 quae
824 2214 963 2251 nunc
983 2207 1191 2250 sacrata
1211 2202 1404 2255 Dianae

341 2272 464 2325 Fert
517 2281 689 2327 castos
750 2276 943 2327 Medea
969 2276 1158 2329 ·.toros’
1226 2279 1404 2345 inepte

338 2351 512 2402 choros
516 2369 653 2404 nunc
671 2355 878 2419 legitur.
943 2355 1224 2421 Innuptam
1242 2355 1403 2442 fuisse

342 2427 590 2479 Medeam
614 2429 866 2495 designat.
901 2431 974 2482 D.
997 2432 1175 2483 Heius.

406 2501 582 2555 Pulcer
626 2506 857 2571 Enipeus]
909 2506 1045 2557 Vide
1084 2507 1404 2560 Scholiasten

339 2579 624 2645 Apollonii,
658 2583 691 2632 l.
715 2596 799 2633 nr.
865 2582 1075 2646 Pulcer,
1107 2583 1173 2634 ob
1196 2586 1404 2636 amoeni·

340 2663 506 2707 tatem
552 2659 802 2724 regionis,
852 2674 957 2724 qua
1000 2674 1202 2710 omnem
1227 2668 1402 2712 .terrae

336 2732 515 2783 orbem
538 2736 839 2798 praecellere
860 2735 1181 2786 Thessaliam
1215 2737 1403 2788 Graeca

336 2808 638 2875 Antiquitas
673 2810 855 2874 tradit,
884 2813 902 2840 ‘
920 2812 1177 2875 Enipeum
1207 2826 1238 2862 e
1259 2828 1402 2864 mon·

338 2894 394 2934 te
418 2884 574 2936 Othri
594 2887 878 2938 Thessaliae
893 2889 1033 2939 oriri’
1051 2895 1203 2939 notat
1217 2891 1401 2942 Vibius

339 2962 636 3026 sequester.
668 2963 850 3015 Barth.
893 2969 898 2976 ’

403 3042 497 3089 117
542 3040 813 3105 Rursusque
865 3041 1058 3105 locutoe]
1145 3041 1397 3094 Fatidicoe

335 3116 474 3181 apud
502 3117 776 3168 Dodonam
799 3129 1021 3184 quercus
1042 3121 1097 3169 in
1114 3133 1205 3169 ore
1237 3119 1399 3170 omni·

333 3209 421 3243 nm
443 3195 881 3260 Mythologorum.

398 3268 616 3334 Lomtie]
662 3272 800 3322 Sane
832 3273 1157 3324 Dodonoeum
1203 3275 1401 3326 Oracu·

332 3348 442 3397 lum
463 3349 607 3399 circa
644 3355 885 3415 tempora
918 3351 1019 3401 ista
1058 3365 1162 3400 non
1187 3366 1397 3416 prorsus

333 3423 680 3478 obmutuerat.
747 3428 1132 3493 Theodoretus,
1170 3430 1203 3480 l.
1237 3444 1325 3479 ιιι.
1348 3435 1396 3481 9.

330 3497 536 3558 Hister.
577 3503 776 3554 Eccles.
807 3504 986 3554 Barth.

270 3586 278 3590 ·
329 3610 339 3618 -
400 3581 495 3628 118
529 3579 810 3644 Moverunt]
843 3581 1080 3633 Quodam
1117 3583 1262 3634 velut
1292 3584 1395 3633 En-

331 3652 630 3706 tlmsiasmo.
664 3657 813 3707 Idem.

398 3735 495 3783 119
525 3731 752 3797 Legitur]
783 3734 952 3785 Cursu
975 3736 1394 3800 praetervehitur.

333 3808 489 3858 Idm.
679 3822 702 3848 ν

396 3887 493 3935 120
525 3885 736 3951 Phrygii
761 3887 969 3951 Rmavi]
1023 3887 1106 3938 Ab
1125 3887 1394 3942 Antenore

332 3963 457 4013 illuc
493 3965 732 4027 appulso,
757 3971 812 4013 et
844 3972 1158 4017 remanente.
1221 3968 1395 4018 Tima-

329 4055 426 4091 vus
448 4041 585 4091 Fons
607 4041 797 4092 Gallim
820 4041 1099 4108 Aquileiae,
1114 4044 1272 4095 Vibio
1306 4047 1394 4096 Se-

334 4125 567 4184 questro,
586 4115 775 4168 fluvius
794 4118 1050 4170 Venetiae.

381 4197 725 4247 ⁴Numer-‹mnu-
764 4199 961 4262 nom]
1020 4200 1109 4251 ob
1150 4200 1392 4267 frequen·

332 4269 461 4325 tiam
482 4273 767 4327 insularum
798 4275 1017 4330 Timavi.
1079 4276 1219 4335 Vide
1249 4278 1390 4331 Plin.

1501 671 1508 684 ²
1561 666 1657 712 122
1690 662 1895 713 Sacrata
1917 663 2023 727 tuo]
2071 665 2232 714 Sacra
2268 666 2437 714 omnia
2460 667 2564 716 lm-

1493 744 1812 825 peratorum.
1845 740 2125 804 Praecipue
2148 740 2390 805 hujus‚in
2409 755 2564 807 quem

1492 813 1766 864 immensus
1810 816 1990 878 utique
2032 818 2257 866 omnium
2302 816 2562 868 ordinum

1493 904 1641 939 amor
1661 888 1781 953 fuit,
1802 898 1988 954 utpote
2021 892 2073 941 iu
2108 907 2341 960 purpura
2363 902 2563 960 natum,

1492 980 1809 1032 summaeque
1884 968 2295 1032 exspectationis
2364 969 2562 1020 adoles·

1491 1051 1717 1106 centem,
1753 1045 1924 1109 cujus
1943 1044 2121 1095 divina
2159 1046 2331 1096 omnia
2366 1046 2559 1111 ubique

1491 1117 1623 1170 facit
1645 1120 1976 1172 Claudianus.

1485 1197 1824 1247 Submissits
1841 1196 2033 1262 adorat]
2086 1199 2291 1249 Morem
2333 1199 2558 1251 omnium

1490 1269 1721 1340 Imperio
1766 1277 1998 1326 Romano
2024 1259 2362 1339 stssiditorum,
2396 1277 2557 1326 etiam

1486 1347 1675 1415 fluviis,
1695 1365 1791 1416 per
1813 1366 1929 1402 eam
1951 1352 2202 1402 ditionem
2245 1352 2555 1402 transeunti-

1489 1426 1584 1477 bus
1626 1428 1897 1492 adscribit,
1932 1430 2058 1479 licet
2093 1429 2320 1479 Semidei
2358 1428 2557 1479 fuerint

1488 1502 1674 1568 habiti,
1718 1511 1775 1554 et
1815 1504 1959 1554 cultu
2002 1504 2367 1554 immortalium
2413 1506 2555 1566 culti.

1486 1580 1723 1631 Adomtio
1761 1588 1885 1632 nota
1915 1581 2255 1645 privatorum,
2293 1588 2419 1632 nota
2441 1582 2554 1633 uni-

1486 1660 1623 1708 versi
1648 1659 1848 1724 populi,
1865 1658 2051 1710 cumin
2075 1664 2411 1723 conspectum
2433 1672 2553 1724 pro·

1487 1734 1629 1785 diret
1651 1735 1764 1800 ejus
1784 1736 2047 1800 princeps.
2079 1734 2259 1786 Barth.
2341 1749 2349 1756 ·

1549 1817 1645 1863 125
1682 1812 1900 1877 Sorores]
1932 1810 2202 1874 Heliades,
2234 1826 2451 1876 quarum
2473 1809 2551 1870 fa,-

1487 1889 1623 1939 bulae
1661 1890 1838 1953 pueris
1870 1897 2027 1939 notae.
2094 1887 2180 1937 Ad
2219 1888 2422 1937 Padum
2459 1885 2553 1938 flu-

1486 1967 1626 2016 vium
1664 1964 1910 2015 memoria
1928 1964 2078 2028 hujus
2099 1961 2445 2013 Phaethontei
2467 1979 2560 2034 cag

1485 2054 1575 2088 sus
1609 2045 1806 2090 atratos
1847 2038 2034 2103 degere
2075 2039 2311 2104 populos,
2345 2039 2548 2105 aliaque

1483 2112 1719 2166 fabulosa
1740 2115 2021 2179 scripserat
2040 2116 2278 2166 Timaeus.
2301 2127 2305 2134 ·
2332 2115 2482 2166 Idm.

1505 2221 1512 2228 ·
1549 2196 1646 2242 128
1681 2194 1802 2243 Cum
1814 2196 1869 2241 tu
1882 2192 2115 2255 genitoris
2133 2192 2285 2241 amico
2305 2192 2549 2255 Boeceptas

1476 2270 1686 2333 gremio]
1739 2268 2075 2321 Confundere
2118 2269 2259 2319 dicas
2293 2275 2547 2333 tempora.

1478 2345 1613 2396 Post
1623 2346 1891 2398 victoriam
1904 2348 2039 2398 enim
2050 2347 2404 2411 Eugenianam
2415 2346 2549 2398 Con-

1377 2448 1383 2454 ·
1478 2425 1814 2490 stantinopoli
1837 2425 2196 2476 Mediolanum
2229 2425 2430 2476 accitus
2466 2431 2549 2478 est

1480 2498 1550 2549 ab
1588 2514 1731 2563 aegro
1757 2502 1867 2565 jam
1910 2509 2130 2565 parente
2165 2501 2546 2564 Honorius,·ut

1479 2583 1684 2626 constat
1703 2592 1770 2627 ex
1793 2576 1946 2627 modo
1968 2577 2180 2648 notatis.
2227 2576 2303 2629 At
2326 2578 2543 2628 Romam

1479 2669 1598 2705 cum
1622 2655 1809 2705 eodem
1841 2656 2187 2720 Triumphans
2223 2654 2341 2705 iniit
2373 2656 2547 2707 Maxi-

1475 2747 1562 2783 mo
1602 2743 1848 2797 superato
1893 2740 1950 2784 et
1982 2734 2213 2784 Victore.
2290 2731 2543 2797 Sequitur

1476 2822 1566 2858 eos
1585 2818 1762 2861 noster
1781 2810 1886 2874 hic,
1906 2810 1995 2876 qui
2027 2818 2148 2874 pos't
2187 2808 2540 2877 Eugeniauam

1473 2887 1745 2938 victoriam
1765 2888 1982 2939 Romam
1999 2888 2286 2952 ingressum
2302 2885 2543 2937 Theodo-

1476 2964 1630 3027 sium,
1670 2965 1847 3031 ibique
1897 2964 2114 3016 traduut
2160 2964 2539 3029 Imperatorem

1473 3033 1664 3091 fecisse
1686 3041 1994 3104 Honorium.
2028 3043 2178 3092 Idem.
2485 3063 2490 3069 ·

1543 3121 1640 3167 129
1678 3117 1906 3168 Veherere
1950 3133 2041 3182 per
2091 3115 2277 3180 arbem]
2331 3116 2542 3167 Trium·

1473 3195 1639 3258 phaus
1662 3202 1755 3245 aut
1771 3195 2273 3261 Triumphabundus.
2305 3195 2458 3245 Idem.

1470 3285 1500 3326 .’
1542 3277 1639 3324 130
1673 3273 2115 3323 Communislaurea
2129 3272 2321 3334 currus]
2339 3272 2538 3321 Notum

1474 3363 1654 3399 currus
1691 3349 2056 3412 Triumphales
2079 3345 2294 3396 Laureis
2330 3344 2537 3395 redimi-

1471 3432 1554 3475 tos
1590 3424 1767 3476 fuisse.
1832 3426 2028 3474 Currus
2051 3430 2225 3473 autem
2258 3423 2358 3487 ipsi
2382 3430 2535 3475 erant

1471 3501 1633 3551 aurei.
1696 3501 2044 3551 Philostratus
2064 3500 2117 3548 iu
2141 3498 2331 3549 Dione.
2382 3500 2534 3550 Iden.

1469 3609 1474 3616 ·
1536 3582 1624 3629 131
1669 3579 1791 3636 Quis
1811 3592 1904 3627 non
1934 3575 2235 3640 Luciferum]
2265 3575 2535 3639 Frequens

1468 3657 1672 3706 Formae
1689 3653 2053 3719 splendidioris
2071 3652 2390 3717 comparatio
2412 3663 2534 3709 cum

1468 3733 1643 3785 astris.
1706 3732 1956 3797 Virgilius
1979 3729 2047 3781 de
2069 3729 2326 3780 Ascanio:
2363 3730 2535 3783 ‘Quae

1466 3812 1533 3863 lis
1557 3811 1645 3862 ubi
1666 3811 1866 3862 Oceani
1891 3807 2132 3876 perfusus
2157 3805 2373 3858 Lucifer
2395 3809 2534 3859 unda

1469 3888 1676 3938 Extulit
1698 3901 1754 3937 os
1779 3900 1980 3937 sacrum
2003 3883 2167 3935 coelo?
2202 3883 2356 3935 Idem.

1465 3997 1468 4000 -
1535 3967 1632 4015 132
1662 3965 1893 4013 Junctun·
1914 3960 2138 4025 Bromio]
2192 3962 2431 4012 Bacchus
2451 3963 2528 4013 in-

1468 4046 1552 4090 ter
1595 4038 1990 4092 formosissimas
2037 4037 2228 4087 formas
2275 4037 2529 4088 Deorum.

1467 4121 1668 4169 Seneca
1719 4118 1942 4182 OEdipo:
1995 4116 2011 4144 ‘
2030 4115 2267 4167 Candida
2318 4113 2529 4168 formosi

1466 4195 1831 4247 venerabimur
1853 4211 1945 4247 ora
1967 4193 2150 4259 Lyaei!

1530 4271 1770 4338 Rodio-e]
1819 4270 1975 4328 Quod
2007 4272 2076 4322 de
2121 4268 2301 4325 formis
2337 4270 2528 4327 formo·
