3034 4934
929 391 1225 450 RAPTUS
1274 388 1633 445 PROSBRP.
1682 395 1830 446 mn.
1879 393 1964 446 11.

347 534 705 614 Mulciber,
732 540 799 601 et
825 537 1127 621 trepidus
1168 537 1418 623 dejecit
1444 540 1719 606 fulmina
1751 541 2073 627 Cyclops.

341 638 605 718 Audiit,
638 645 706 705 et
734 640 794 703 si
824 659 1019 723 quem
1047 643 1296 724 glacies
1330 641 1586 727 Alpina
1613 644 1896 724 coercet,

343 739 434 806 Et
461 741 581 824 qui
613 748 694 818 te,
721 739 939 804 Latiis
966 742 1262 806 nondum
1291 747 1651 828 praecincte
1675 748 1946 829 tropaeis

340 841 573 926 Tybri,
607 847 812 918 natet,
843 843 1250 928 missamque
1280 845 1472 909 Pado
1499 848 1616 930 qui
1656 850 1929 931 remigat
1957 848 2201 916 alnum.

343 943 484 1020 Sic,
516 963 668 1007 cum
696 944 1118 1010 Thessaliam
1146 949 1447 1032 scopulis
1473 949 1737 1014 inclusa
1765 956 2013 1017 teneret

342 1045 571 1112 Peneo
600 1052 948 1130 stagnante
975 1050 1197 1134 paluS,
1227 1055 1295 1115 et
1320 1071 1549 1116 mersa
1586 1059 1904 1134 negarent

339 1145 530 1213 Arva
559 1149 714 1228 coli,
745 1150 969 1216 trifida
993 1150 1347 1236 Neptunus
1386 1154 1665 1237 cuspide
1692 1160 1948 1220 montes

342 1237 630 1335 Impulit
659 1253 1021 1320 adversos:
1066 1261 1214 1320 tum
1241 1255 1396 1321 forti
1423 1254 1698 1321 saucius
1726 1257 1866 1322 ictu

2419 542 2551 608 175

2427 1055 2555 1121 180

341 1430 692 1497 obstupefactus
711 1440 802 1500 esi,
822 1436 1005 1487 camino
1028 1439 1246 1494 desertm·
1278 1441 1326 1486 et
1348 1436 1548 1501 Cyclops
1581 1436 1778 1487 tintidus
1804 1436 1994 1501 reliquit
2022 1437 2247 1497 fulmina.
2312 1434 2487 1486 Audiit
2506 1435 2556 1484 ei

340 1496 455 1561 ille,
476 1499 521 1546 si
558 1499 693 1562 quem
725 1503 837 1562 gelu
870 1501 1067 1565 Alpium
1104 1502 1279 1551 retinet
1300 1503 1544 1564 inclusum,
1574 1506 1622 1551 et
1644 1502 1788 1565 quite
1805 1508 2034 1566 permeat,
2064 1517 2093 1553 o
2132 1503 2335 1565 Tiberis,
2354 1502 2560 1551 umidum

341 1568 513 1613 ornate
536 1565 793 1630 triumphis
823 1566 981 1630 Italis,
1001 1572 1047 1617 et
1083 1567 1163 1630 qui
1184 1568 1327 1616 remis
1359 1568 1465 1629 agit
1483 1566 1703 1631 cymbam
1733 1567 1988 1617 &amissam
2019 1569 2070 1617 in
2112 1568 2393 1617 Eridanum.
2456 1564 2558 1624 Ita,

343 1641 453 1675 eum
484 1643 606 1692 aqua
643 1631 798 1679 cincta
831 1632 982 1695 saxis,
1047 1631 1203 1682 Peneo
1244 1634 1531 1692 exundante,
1570 1636 1754 1693 tegeret
1787 1631 2090 1694 Thessaliam,
2130 1637 2178 1682 et
2209 1632 2320 1695 agri
2350 1627 2561 1680 immersi

343 1706 438 1741 non
454 1699 642 1757 possent
656 1695 808 1760 arari,
828 1697 1083 1761 Neptunus
1113 1697 1320 1760 percutit
1359 1696 1497 1745 hasta
1528 1696 1788 1761 tricuspide
1823 1711 1963 1761 rupes
1997 1697 2233 1761 oppositas
2246 1713 2263 1746 .·
2292 1702 2393 1746 tum
2423 1707 2561 1744 caea·

1275 1839 1632 1861 “nenne“

345 1934 561 1998 Lyparis
579 1937 731 1989 Voss.
750 1942 1018 1990 sem-1⁷5
1053 1937 1284 2001 Meleiser
1302 1940 1424 1988 Vat.
1483 1938 1616 1990 nint.
1635 1938 1768 2003 Reg.
1793 1939 1964 1990 Oxou.
1986 1953 2068 2003 pr.
2121 1937 2300 1988 lamina
2317 1937 2444 1987 Vnt.
2482 1949 2560 2001 pr.

347 1996 533 2051 Ambr.
557 2007 681 2052 tert.
702 2004 912 2068 flamina
935 2004 1169 2055 Florent.
1185 2004 1419 2054 chartac.
1499 2004 1795 2054 eins.—176
1825 2004 1869 2052 si
1888 2018 2027 2067 quam
2048 2002 2229 2053 Ambr.
2252 2008 2379 2053 tert.
2429 2002 2567 2064 glan·

344 2066 431 2116 des
451 2065 631 2129 Alpina
651 2069 778 2144 yat.
797 2069 1129 2146 quint.—·1⁷⁷
1163 2068 1326 2118 Latiis
1343 2069 1465 2121 Jun.
1482 2082 1602 2144 pec.
1638 2068 1767 2119 Cod.
1804 2068 2091 2118 Bartholin.
2109 2068 2313 2143 Tholos.
2334 2074 2392 2116 et
2411 2066 2564 2142 Voss.

346 2138 908 2248 {armata
918 2133 1266 2262 {2⁶5thquss
1277 2135 1522 2248 ‘'3022‘?
1535 2133 2564 2260 3¹33⁶⁸123322155¹a¹35¹12⁶252‘amat

347 2258 599 2311 Heinsius
623 2262 938 2326 ascripserat
966 2263 1101 2314 Stat.
1124 2278 1178 2314 x.
1198 2261 1359 2314 Theb.
1381 2266 1494 2313 492.
1529 2263 1547 2291 ‘
1571 2261 1827 2328 rigidique
1850 2268 2059 2314 natator
2079 2262 2293 2312 OEbalus
2315 2257 2565 2311 Eurotae!

348 2329 408 2374 et
430 2323 623 2375 Achill.
645 2339 734 2377 111.
756 2330 872 2377 282.
898 2328 913 2356 ⁴
938 2328 1198 2393 quaerisne
1218 2343 1360 2378 meos
1389 2328 1675 2406 Spherchie
1698 2327 1938 2379 natatus.'
1974 2328 2060 2378 ubi
2091 2329 2144 2377 in
2177 2329 2303 2377 Mss.
2327 2332 2410 2377 est
2440 2338 2567 2374 mea-

344 2393 442 2438 tus.
464 2390 697 2454 missaque
721 2392 858 2441 Pado
879 2408 927 2456 q.
945 2407 1061 2443 rem.
1083 2395 1191 2443 alno
1212 2392 1316 2443 inc.
1341 2393 1527 2442 Hems.
1544 2393 1669 2442 Var.
1691 2393 1797 2442 LL.
1822 2408 1851 2442 e
1869 2407 2025 2458 marg.
2044 2392 2220 2445 Parm.
2252 2393 2449 2454 navigat
2467 2403 2565 2453 pro

347 2453 556 2516 remigat
577 2456 706 2507 Exc.
728 2457 920 2507 Petav.
945 2462 1282 2523 quarn—179
1314 2460 1598 2520 scopulosam
1637 2458 1818 2507 inc-hasa
1853 2458 1977 2508 Vat.
2011 2472 2115 2508 sec.
2160 2457 2248 2522 qui
2286 2464 2343 2506 et
2379 2458 2570 2505 tenetur

346 2531 446 2582 pro
468 2524 827 2570 teneret—180
862 2528 1058 2585 negaret
1079 2537 1254 2573 omnes
1275 2523 1425 2571 Vatt.
1450 2521 1565 2571 Pal.
1589 2522 1722 2571 Cod.
1748 2522 2040 2572 Bar-thulin.
2074 2526 2256 2570 vetaret
2278 2520 2566 2631 Petamlpr.

348 2589 582 2645 negarent
604 2584 706 2637 inc.
725 2586 912 2637 Heius.
935 2587 1130 2638 Moret.
1150 2601 1229 2651 pr.
1254 2587 1424 2637 Oxou.
1464 2601 1547 2650 pr.
1583 2587 1712 2649 Reg.
1748 2601 1816 2637 m.
1854 2600 1935 2650 pr.
1961 2584 2141 2635 Ambr.
2166 2591 2293 2634 tert.
2312 2586 2441 2634 Exc.
2513 2595 2569 2630 e·

351 2653 461 2698 taV.
485 2656 654 2713 quart.
674 2652 802 2701 Ver.
828 2652 934 2702 LL.
973 2666 1003 2702 e
1042 2667 1204 2716 marg.
1245 2652 1584 2700 Parme—182
1617 2655 1692 2700 ter
1718 2650 1845 2712 forti
1877 2652 1978 2699 inc.
2018 2650 2201 2700 Heius.
2232 2650 2361 2698 Var.
2402 2648 2505 2697 LL.
2536 2659 2568 2696 e

349 2726 514 2777 marg.
537 2713 712 2766 Parm.
755 2731 863 2766 cusa
884 2717 1008 2767 Vat.
1041 2731 1145 2768 sec.
1175 2722 1289 2767 tanc
1320 2716 1551 2765 Florent.
1598 2728 1714 2765 cum
1749 2714 2138 2781 quatuordecim
2160 2714 2289 2765 aliis.
2341 2728 2448 2764 cum
2483 2711 2570 2760 vel

1253 2869 1259 2874 ·
1349 2844 1576 2899 NOTAE

349 2968 604 3022 maxima:
639 2972 808 3024 AEolia
828 2979 1000 3038 autem
1022 2980 1109 3026 est
1136 2989 1166 3026 e
1204 2974 1418 3039 regione
1499 2974 1665 3037 Rege,
1700 2977 1757 3023 et
1795 2971 1860 3022 ab
1890 2970 2125 3037 ejusdem
2161 2968 2271 3019 filio
2300 2967 2573 3028 Thessalo,

349 3043 563 3098 Sicilioe.
1500 3049 1784 3101 Thessalia.

421 3129 520 3175 176
555 3126 774 3191 Οοὲνοεὲ]
824 3128 1019 3192 Populi
1061 3126 1290 3192 Inalpini
1326 3141 1423 3192 per
1569 3129 1667 3175 180
1718 3126 1874 3176 Peneo
1905 3128 2159 3188 stagnante
2194 3120 2354 3187 palus]
2423 3121 2572 3186 Stag-

350 3199 591 3267 hyemem
614 3216 718 3251 non
741 3210 1017 3268 vagantur,
1034 3203 1125 3253 sed
1150 3203 1290 3253 intra
1305 3217 1421 3267 spe·
1503 3214 1654 3252 nasse
1676 3201 1798 3250 olim
1823 3200 2014 3251 (licitur
2033 3199 2319 3261 Thessalia,
2340 3198 2405 3249 ob
2432 3211 2574 3247 mon·

352 3276 538 3328 laneas
575 3292 632 3327 se
668 3285 854 3329 tenent
877 3287 1060 3331 contra
1081 3278 1425 3331 acerbitatem

278 3351 283 3356 ⁴
355 3352 582 3420 frigoris.

423 3434 518 3480 177
555 3431 778 3482 Nondum
809 3433 1091 3498 praciam]
1143 3434 1280 3487 Quia
1303 3446 1426 3483 non-

357 3506 481 3556 dnm
506 3506 682 3556 stabat
718 3508 906 3572 Roma,
938 3509 1118 3560 futura
1151 3525 1323 3560 rernm
1343 3510 1431 3559 do-

356 3583 517 3645 mina,
573 3588 630 3633 et
673 3583 955 3649 ,triumphis
1005 3586 1301 3636 clarissimis
1351 3585 1428 3634 di·

360 3659 541 3708 tanda.

424 3738 524 3784 178
556 3735 760 3800 Alam]
777 3736 842 3787 Id
860 3745 960 3802 est,
976 3739 1239 3803 parvulam
1260 3738 1427 3788 navim

356 3810 554 3863 factam
595 3828 660 3862 ex
690 3814 833 3877 alno,
866 3829 981 3879 quae
1020 3815 1087 3864 ad
1128 3815 1264 3864 Padi
1296 3815 1433 3879 ripas

357 3889 554 3939 crescit
571 3889 776 3938 uberius
796 3906 810 3939 ε
834 3904 1036 3941 sorores
1053 3892 1246 3956 quippe
1267 3890 1434 3942 Phae-

360 3966 556 4016 thontis
579 3972 699 4030 post
721 3966 835 4031 ejus
859 3966 1027 4019 fatum
1050 3968 1229 4019 dolore
1253 3976 1434 4019 conta-

360 4043 607 4107 buerunt,
652 4051 706 4093 et
742 4046 792 4093 in
832 4046 1051 4110 populos
1075 4061 1166 4097 seu
1194 4048 1336 4096 alnos
1359 4045 1434 4096 ibi

359 4124 575 4169 mutatae
599 4134 714 4168 esse
736 4119 997 4171 dicuntur.

429 4199 528 4248 179
566 4196 878 4259 menalium]
910 4198 1174 4248 Thessalia
1211 4198 1436 4250 Groeciae

365 4272 510 4337 regio
548 4271 693 4323 dicta
731 4279 815 4324 est
855 4272 1094 4325 AEmonia
1126 4272 1193 4324 ab
1223 4274 1437 4325 AEmone

1506 3283 1590 3326 tes
1613 3277 1763 3326 simul
1797 3277 2132 3338 columi-emes,
2153 3274 2246 3325 sed
2271 3281 2392 3340 post
2416 3280 2574 3322 terras

1506 3358 1727 3414 motum,
1766 3358 1967 3402 montes
2002 3352 2086 3400 vel
2124 3366 2155 3399 a
2202 3350 2454 3413 Neptuno
2490 3348 2578 3396 vel

1509 3426 1577 3475 ab
1601 3426 1834 3477 Hercule
1866 3425 2076 3489 abrupti
2099 3430 2240 3487 sunt,
2271 3431 2328 3474 et
2351 3422 2473 3472 inde
2489 3422 2575 3471 da·

1508 3508 1595 3552 tus
1625 3502 1774 3567 aquis
1796 3502 1928 3551 liber
1949 3502 2138 3551 exitus.
2171 3501 2378 3550 Peneus
2402 3505 2575 3548 autem

1508 3584 1593 3628 est
1608 3575 1797 3628 fluvius
1815 3577 2114 3639 Thessaliae,
2127 3583 2280 3641 pater
2296 3576 2576 3639 Daphnes:

1509 3656 1661 3707 alluit
1685 3658 1800 3706 loca
1822 3654 2161 3706 amoenissima
2179 3654 2393 3717 Tempe.

1584 3738 1676 3785 181
1717 3733 1901 3799 Tritida
1937 3730 2152 3795 cuspide]
2190 3730 2441 3780 Tridente
2485 3743 2578 3778 seu

1511 3810 1740 3863 fuscina:
1782 3809 1981 3860 tridens
1999 3823 2090 3858 seu
2126 3808 2320 3872 triplex
2342 3807 2465 3856 data
2486 3820 2578 3869 po·

1511 3895 1695 3953 testas,
1729 3888 1798 3937 eb
1822 3894 2053 3936 naturam
2089 3883 2309 3934 fontium
2350 3884 2578 3943 dulcem,

1514 3966 1743 4031 aequoris
1775 3965 1980 4026 salsam,
2006 3970 2302 4026 stagnorum
2335 3959 2583 4024 mediam,

1513 4057 1613 4093 nec
1634 4055 1859 4091 amaram
1883 4055 1980 4090 nec
2005 4046 2158 4103 gustu
2181 4046 2402 4103 gratam.

1582 4119 1795 4182 Montes]
1848 4121 1986 4168 Saxa
2028 4125 2083 4167 et
2124 4131 2296 4181 rupes.
2347 4114 2586 4164 Claudia·

1516 4211 1648 4247 nus:
1684 4195 1864 4245 ‘Illius
1904 4202 1958 4245 et
1991 4194 2106 4244 duri
2143 4192 2337 4243 flevere
2375 4188 2587 4242 silentia

1515 4278 1722 4324 montes
1742 4276 1774 4323 ε’
1806 4271 1860 4323 id
1882 4277 1982 4335 est,
2007 4283 2133 4321 saxa
2154 4276 2211 4321 et
2231 4283 2406 4334 rupes.
