3034 4934
955 494 1037 548 ΙΝ
1087 491 1445 550 Romi-mn
1496 496 1639 548 mn.
1686 496 1740 549 1.

2271 474 2450 550 1235

242 646 482 698 luctuoso
522 642 694 712 aliquo
744 646 934 698 nuncio
969 653 1061 697 aut
1090 660 1307 697 moerore
1378 648 1666 711 complexae
1711 653 1834 698 sunt
1877 634 2050 709 Curre,
2092 646 2287 697 intimis
2329 645 2452 712 ejoe

243 718 489 788 singulari
513 725 841 774 vestimenta.
872 724 1049 776 Barth.

1383 725 1742 789 penetralibus
1766 724 2006 775 nimirum
2045 724 2248 774 insitae:
2283 730 2339 774 et
2360 730 2447 776 est

308 805 374 852 ³4
411 801 545 850 Coeco
575 801 731 865 υιιῑέιι]
790 801 913 852 Non
978 802 1115 853 euim
1163 801 1310 852 videt
1378 816 1491 852 mos
1536 809 1807 877 auctorum
1840 801 1972 852 filios
2006 801 2221 862 filiasve,
2247 807 2339 852 aut
2355 801 2450 869 qui

244 893 354 944 με
372 877 564 930 furore.

1382 870 1560 931 eorum
1599 883 1732 946 loco,
1769 881 1835 932 ob
1862 882 2095 933 intimam
2118 881 2447 947 charitatem,

308 959 372 1006 85
412 956 560 1011 Quem
579 971 760 1021 semper
774 957 1040 1022 odhoerens]
1052 956 1139 1006 Sic
1153 955 1312 1019 scrip·
1382 958 1564 1009 viscera
1579 961 1866 1024 appellare.
1898 960 2077 1009 Barth.

246 1031 289 1084 ti
310 1022 616 1083 constanter
631 1049 842 1084 omnes.
865 1041 922 1085 et
944 1050 1012 1084 ex
1033 1034 1187 1085 Alani
1205 1034 1312 1084 An·

246 1109 564 1160 ticlaudiano
612 1112 692 1163 cl.
735 1111 980 1162 Bartbius
1025 1109 1313 1162 confirmat.

245 1185 417 1251 Vulgo
436 1188 515 1237 cui
527 1203 736 1253 semper.
778 1189 951 1253 potuit
970 1186 1207 1253 &fixeratis
1239 1187 1315 1238 sic

247 1265 410 1329 loqui,
422 1272 478 1316 ut
491 1266 630 1330 apud
643 1267 846 1317 Lucret.
866 1267 958 1318 lib.
976 1281 1068 1317 ιιι.
1085 1267 1318 1319 z‘Quan-

248 1339 525 1406 doquidem
547 1357 809 1393 connexus
828 1358 1018 1408 corpus
1042 1340 1314 1393 adhaeretss

1448 1041 1513 1087 88
1546 1038 1788 1101 Ivi-somnes
1807 1037 1972 1100 Curoe]
2025 1036 2273 1086 Similiter
2296 1049 2448 1087 curas

1385 1113 1652 1165 aviditati
1628 1114 1810 1179 jungit
1828 1114 1977 1179 Virg.
2001 1114 2053 1162 in
2076 1115 2284 1165 Culice.
2305 1115 2320 1142 6
2347 1114 2449 1163 Cu-

1386 1205 1459 1240 rae
1479 1191 1614 1243 Quae
1640 1192 1876 1241 lacerant
1898 1189 2108 1240 avidas
2097 1191 2304 1240 mimico
2326 1180 2449 1254 pec·

1388 1274 1502 1318 tore
1523 1270 1759 1318 mentes?

1451 1349 1517 1394 39
1551 1344 1757 1394 Fer-rata
1785 1344 1972 1407 sedilia]
2026 1341 2318 1392 Inferorum
2366 1343 2453 1394 ba·

245 1417 544 1482 Simplicius
581 1428 751 1470 tamen
783 1419 842 1469 τὸ
877 1436 1013 1493 quern
1033 1423 1102 1482 τῷ
1123 1422 1317 1469 comita·
1385 1420 1617 1471 bitacula
1653 1419 1841 1470 ferrea.
1906 1421 2090 1484 Virgil.
2132 1433 2207 1472 vr.
2252 1420 2452 1471 AEneid.

247 1500 331 1545 tur
371 1497 678 1561 conjungas.
743 1499 832 1549 Sic
871 1498 1012 1563 apud
1039 1499 1196 1548 Ovid.
1221 1497 1315 1546 lib.

247 1578 368 1621 xlv.
395 1573 529 1623 Met.
568 1577 584 1603 ‘
606 1580 896 1641 nactusque
926 1577 1025 1625 hoc
1064 1576 1211 1626 littus
1233 1574 1318 1624 ad-

247 1650 378 1700 haesi
410 1650 444 1701 ι’
486 1651 772 1703 ‘inhaerere
821 1654 1060 1718 laqueos’
1095 1651 1318 1717 Apuleio

250 1728 387 1780 Met.
431 1742 589 1782 vnn:
622 1732 638 1759 ‘
666 1731 847 1781 timore
886 1731 985 1781 hoc
1025 1730 1164 1779 inani
1199 1744 1315 1794 per-

249 1802 419 1857 functi
465 1806 620 1871 longe
667 1809 871 1873 pejores
905 1807 1196 1856 inhaesimus
1243 1806 1316 1855 la-

253 1894 416 1947 queos
440 1879 475 1932 2'
513 1883 700 1947 virgil.
743 1884 765 1951 6.
786 1884 1094 1947 clavumque
1117 1881 1317 1932 adfixus

257 1964 314 2008 et
344 1959 546 2008 haerens
571 1960 841 2023 Nusquam
865 1959 1138 2009 amittebat
1158 1958 1191 2008 ε’
1231 1957 1318 2008 ubi

253 2037 473 2098 clavoque
494 2049 770 2100 perperam
812 2035 1042 2085 nonnulli
1071 2035 1316 2085 codices:

253 2110 394 2177 apud
420 2113 699 2176 Nasonem,
718 2114 851 2164 Met.
866 2127 999 2163 xm:
1033 2114 1049 2143 ‘
1074 2112 1322 2163 Instanti-

257 2202 357 2257 que
384 2205 604 2255 sequens
623 2190 818 2255 instat,'
847 2206 971 2255 non,
1010 2192 1323 2248 Instantem·

257 2281 378 2335 que.
409 2268 478 2318 D.
503 2269 675 2320 Heius.

1388 1499 1406 1526 ‘
1450 1497 1733 1562 Ferreique
1797 1497 2136 1547 Eumenidum
2206 1493 2452 1546 thalami.'

1389 1573 1567 1624 Barth.

1455 1650 1660 1700 Fer-ratu
1677 1650 1868 1714 sedilia]
1903 1650 2005 1700 Vel
2028 1654 2208 1700 secreta
2230 1649 2327 1714 pri.
2350 1648 2454 1700 Va-

1390 1725 1612 1776 ticanus.
1638 1727 1708 1778 D.
1726 1727 1898 1776 Heius.
2455 1790 2462 1799 .

1455 1808 1516 1853 41
1537 1805 1705 1854 Alecto
1716 1804 1854 1854 stetit
1868 1805 1919 1854 in
1936 1803 2126 1867 mediis]
2145 1802 2336 1869 Scripti
2351 1803 2459 1869 qui-

1391 1880 1509 1931 dam
1533 1882 1586 1930 in
1606 1882 1785 1931 medio.-
1819 1857 2028 1931 frustra.
2060 1882 2257 1931 Statius
2292 1882 2456 1935 Theb.

1392 1970 1488 2008 ιι..
1511 1957 1784 2007 Constitit
1765 1973 1817 2007 m
1833 1958 2031 2008 mediis:
2050 1959 2195 2008 etsie
2218 1970 2321 2008 non
2342 1974 2461 2009 raro

1394 2026 1569 2098 poe'tae
1621 2041 1748 2089 noto
1806 2035 2108 2085 Graecismo.
2195 2036 2455 2086 Homerus

1392 2111 1546 2163 Iliad.
1573 2119 1628 2163 Υ.
1680 2109 1787 2176 ’Ῑζε
1824 2113 1864 2161 δ’
1893 2111 1965 2177 ἄρ’
2004 2113 2061 2162 ἐν
2089 2110 2325 2174 μέσσοισι,
2345 2111 2462 2162 Διὸς

1394 2190 1434 2238 δ’
1458 2187 1656 2254 ἐξείρετο
1674 2188 1872 2249 βουλήν·
1896 2197 2054 2254 atque
2072 2190 2147 2238 ita
2169 2189 2259 2239 ille
2283 2203 2455 2253 saepe⁶
2441 2224 2456 2239 .

1394 2266 1448 2317 in
1467 2268 1645 2317 medios
1676 2268 1827 2332 prim.
1846 2267 2020 2317 Vatic.
2045 2267 2187 2331 Virg.
2221 2266 2335 2317 AEn.
2366 2279 2417 2316 v.
2442 2282 2457 2320 ε

321 2343 521 2409 Semper
533 2345 801 2410 odhoerens]
814 2344 953 2397 Quid
967 2344 1149 2396 mirum
1168 2345 1187 2393 ?
1203 2358 1322 2395 cum
1340 2364 1375 2394 ο
1394 2345 1410 2371 6
1433 2344 1622 2394 AEneas
1653 2345 1838 2410 quibus
1872 2344 1924 2394 in
1961 2344 2143 2394 mediis
2174 2344 2248 2395 sic
2271 2343 2461 2395 deinde

254 2421 380 2472 nihil
404 2430 622 2487 parcere
642 2424 887 2488 egestatis
910 2424 978 2473 sit
1000 2424 1218 2474 initium.
1252 2423 1323 2471 Et
1393 2422 1633 2473 locutus!

256 2507 319 2551 ut
356 2498 586 2551 Martial.
621 2501 707 2552 lib.
730 2515 814 2551 ιιι.
835 2503 935 2565 Ep.
960 2506 1075 2552 1⁰.:
1111 2502 1126 2529 ‘
1148 2502 1322 2549 Luxu-

255 2577 386 2627 riam
428 2584 691 2676 premeret
719 2591 834 2628 cum
867 2576 1095 2628 crastina
1116 2589 1326 2642 semper

257 2654 505 2718 egestas!

264 2740 275 2748 ·
323 2733 388 2780 8⁷
428 2730 695 2793 Complexoe
709 2734 902 2795 pectora
913 2729 1107 2792 matris]
1135 2728 1334 2780 Viscera

236 2807 489 2873 quinque
536 2813 776 2857 veteres:
818 2808 892 2857 sic
928 2807 1065 2871 apud
1101 2806 1327 2856 Statium

257 2883 404 2948 sylv.
430 2884 563 2934 libro
594 2897 681 2933 ιιι.
714 2884 780 2933 ad
806 2884 1055 2946 Uxorem,
1093 2886 1109 2912 ‘
1129 2888 1329 2945 terme,

257 2958 467 3010 *ictrici
492 2959 693 3023 Albana
714 2958 970 3010 ferentem
991 2959 1145 3010 Serta
1164 2973 1329 3021 coma,

259 3043 548 3102 sanctoque
564 3037 801 3087 indutum
816 3036 1038 3088 Coesaris
1053 3051 1199 3100 auro,
1210 3037 1330 3087 Vis·

263 3113 473 3165 ceribus
489 3113 930 3189 complexaltuist’
960 3113 1215 3180 quomodo
1246 3126 1330 3163 re·

259 3189 558 3255 stituendus
579 3191 669 3240 ille
685 3191 857 3241 locus:
898 3191 1049 3255 vulgo
1066 3190 1330 3255 scribitur,

259 3266 285 3296 ‘
300 3273 384 3318 ter
404 3282 486 3319 me
507 3266 677 3318 vidisti
703 3267 905 3318 Albana
926 3264 1182 3319 ferentem
1210 3268 1329 3318 Ser-

264 3351 323 3395 ta
339 3359 512 3396 comes
526 3346 556 3394 ι’
581 3345 634 3394 in
652 3345 763 3394 aliis
782 3343 1047 3395 codicibus
1064 3352 1146 3397 est
1161 3346 1331 3397 nitidis

263 3410 419 3472 comes
431 3437 449 3471 .·
479 3420 568 3471 sed
585 3420 774 3470 victrici
786 3436 917 3471 coma
928 3421 1152 3473 Statium
1170 3423 1331 3486 scrip·

263 3500 395 3548 sisse
432 3513 542 3548 sum
578 3503 770 3548 certus.
834 3497 1047 3547 Pietate
1069 3497 1333 3548 Abascan-

266 3577 354 3640 sii,
375 3576 507 3626 libro
525 3591 611 3627 ιω
646 3576 662 3604 6
688 3574 778 3624 sed
818 3581 874 3625 te
907 3588 999 3623 seu
1031 3574 1332 3638 virginitate

253 3648 502 3719 j‘ugatum
542 3652 845 3702 Visceribus
896 3648 1023 3702 totis
1060 3651 1334 3718 animoque

267 3729 513 3795 amplexa
532 3726 747 3779 fovebat
762 3727 795 3777 ι’
841 3734 898 3778 et
930 3724 1181 3792 Epicedio
1204 3729 1334 3778 Ver-

266 3820 353 3860 nae
379 3803 547 3870 pueri,
570 3804 586 3832 ‘
610 3817 736 3854 ecce
752 3804 962 3854 lacertis
981 3804 1202 3857 Viscera
1220 3820 1336 3857 nos-

269 3886 356 3933 tra
410 3889 594 3932 tenens
638 3881 908 3947 animaque
961 3881 1203 3932 avellitur
1259 3882 1336 3933 in-

268 3958 389 4011 fans
407 3958 442 4009 τ’
474 3957 686 4011 lacertis
710 3958 905 4023 pariter
922 3966 978 4009 et
999 3959 1168 4008 anima
1201 3973 1346 4010 com-

270 4037 459 4103 plexus
500 4050 616 4086 mea
657 4030 894 4086 viscera:
928 4035 1053 4089 nihil
1088 4050 1215 4101 ergo
1252 4051 1338 4086 ne-

272 4120 422 4164 cesse
443 4113 738 4177 animumque
770 4110 896 4178 legi,
916 4110 1054 4178 quod
1083 4113 1136 4162 in
1156 4113 1338 4164 editio-

272 4190 429 4251 nibus
449 4190 758 4255 quibusdam
778 4190 999 4241 vetustis
1019 4195 1219 4244 exstat:
1264 4192 1337 4242 D.

275 4267 454 4318 Heius.

289 4354 305 4365 ’
346 4344 619 4410 Complexo.»
635 4343 850 4410 pectora]
880 4344 989 4394 Alii
1010 4345 1113 4409 leg.
1140 4344 1338 4394 viscerm

273 4418 421 4473 Scite
451 4422 590 4474 enim
625 4422 832 4474 viscera
868 4422 1047 4473 matris
1082 4419 1336 4477 Avaritiae

1697 2423 1900 2474 AEneid.
1929 2437 1970 2474 ι.
2000 2441 2014 2474 z
2070 2423 2086 2452 6
2123 2437 2308 2487 magno
2345 2423 2463 2473 Cal»

1396 2499 1584 2626 ‹Ielditzta
1607 2499 1833 2550 tumultu
1854 2498 2125 2550 Protrahit
2153 2499 2207 2567 in
2230 2497 2464 2549 medios!

1471 2652 1740 2717 Valensque
1755 2653 1930 2717 tacere]
1949 2653 2114 2713 Nutu,
2127 2664 2297 2712 mann,
2315 2664 2466 2703 voce.

1463 2733 1530 2779 42
1564 2729 1791 2793 Reppulit
1824 2729 2025 2793 angues]
2080 2728 2279 2794 Hydros
2322 2728 2464 2778 Oxo·

1400 2800 1593 2855 niensis
1615 2822 1628 2855 ε
1653 2806 1860 2856 omnino
1878 2807 2104 2857 rectius:
2138 2812 2317 2856 noster
2338 2805 2466 2856 alibi

1402 2884 1469 2934 de
1494 2882 1679 2934 Furia:
1730 2887 1746 2913 6
1766 2884 1996 2949 Illyricis
2036 2884 2254 2949 pingues
2291 2889 2468 2947 pecte·

1401 2961 1494 3011 bat
1529 2962 1783 3025 stragibus
1804 2959 2036 3027 hydros!
2070 2960 2220 3013 Cous.
2239 2958 2425 3008 Manlii
2449 2975 2464 3009 ι

1403 3047 1418 3068 ‘
1442 3039 1629 3089 laceris
1667 3040 1947 3095 morientes
1990 3037 2218 3088 crinibus
2260 3034 2411 3101 hydri
2429 3033 2466 3084 :’

1402 3115 1477 3165 sic
1498 3116 1686 3179 passim
1711 3115 1898 3180 poetae.
1934 3116 2011 3166 Id.

1466 3195 1534 3245 44
1565 3193 1800 3243 Inclusam
1818 3191 1964 3257 irum]
1986 3193 2198 3243 Tectam
2215 3190 2469 3241 hactenus

1403 3274 1461 3319 et
1482 3270 1750 3319 nutritam.
1793 3269 1967 3319 Barth.

1468 3350 1533 3396 45
1572 3345 1866 3411 Ἠαηᾳιιὶἱῑο]
1882 3343 2142 3395 Inoffenso
2153 3358 2322 3395 cursu.
2334 3344 2472 3393 Tum

1404 3423 1574 3473 ducere
1614 3431 1695 3472 est
1718 3423 1930 3473 verbum
1953 3422 2001 3470 ei
2025 3422 2235 3484 negotio
2270 3429 2470 3484 aptum.

1406 3498 1492 3551 Sic
1510 3500 1774 3549 Catullus:
1810 3500 1826 3527 ‘
1848 3496 2054 3548 Currite
2076 3499 2329 3549 ducentes
2350 3496 2470 3547 sub·

1409 3576 1625 3637 terniue,
1648 3574 1842 3625 currite
1863 3573 1996 3624 fusi?
2032 3574 2211 3623 Barth.

1475 3656 1537 3702 4⁷
1578 3651 1706 3715 Quo]
1749 3651 2040 3703 Quorsum?
2063 3665 2165 3716 qua
2180 3650 2245 3701 de
2263 3652 2476 3701 caussa?

1412 3728 1603 3779 Horat.
1631 3730 1645 3756 6
1665 3730 1782 3780 Quo
1802 3727 1922 3777 mihi
1936 3725 2160 3793 fortuna,
2175 3726 2217 3777 si
2236 3742 2337 3779 uon
2351 3742 2475 3781 con·

1411 3804 1616 3856 ceditur
1637 3804 1713 3854 uti
1731 3803 1766 3853 θ’

1477 3880 1641 3944 Nova]
1677 3879 1969 3945 Incognita,
2009 3894 2113 3930 non
2147 3887 2272 3931 nota
2301 3881 2478 3931 hacte-

1413 3973 1527 4012 nus.
1565 3958 1743 4008 Barth.

1482 4037 1590 4093 Quo
1610 4051 1729 4084 nova
1742 4034 2021 4100 corrumpit]
2040 4035 2124 4085 Ita
2139 4042 2340 4083 veteres
2351 4046 2480 4085 nona

1413 4111 1562 4175 nulli,
1593 4118 1652 4162 ut
1686 4127 1775 4177 quo
1810 4126 1908 4177 pro
1952 4127 2037 4161 car
2077 4116 2321 4161 sumatur.
2384 4108 2476 4159 Se·

1414 4187 1626 4253 quentia
1647 4186 1973 4251 confirmant,
2014 4188 2119 4245 Quo
2139 4186 2482 4249 rabie-firmata

1410 4264 1541 4331 perit
1555 4261 1582 4315 ’ἕ
1611 4265 1800 4329 Vulgo,
1817 4279 1921 4329 quoe
1940 4279 2059 4314 nova
2073 4262 2284 4326 corrupit
2301 4277 2316 4311 .·
2332 4262 2479 4327 quin·

1418 4347 1501 4393 tus
1521 4342 1691 4394 Vatic.
1713 4341 1962 4406 corripuit.
2016 4341 2083 4390 D.
2107 4339 2290 4391 Heius.

1480 4423 1548 4470 49
1588 4417 1815 4482 Verbera]
1863 4417 1964 4468 His
2003 4412 2263 4482 exagitari
2297 4413 2475 4466 crede-
