3034 4934
494 376 672 445 12⁰6
1450 390 1731 445 sumis

498 539 633 605 Sed
661 541 833 607 levis
863 547 936 607 et
956 542 1181 620 velox,
1204 539 1413 624 regali
1440 541 1639 626 plena
1666 542 1936 622 decoro,

579 642 770 709 Talis
801 646 865 709 in
894 652 1178 728 aspectu
1204 665 1280 709 se
1300 651 1481 710 tenet
1504 666 1716 731 usque
1739 646 2104 733 hominm.
2575 647 2709 712 150

496 743 823 812 Convenit
849 748 1186 832 AEgyptus
1212 750 1372 813 tanti
1401 747 1489 813 ad
1517 750 1842 817 miracula
1870 754 2102 832 visus;

584 847 668 914 Et
693 869 911 914 raram
944 849 1276 914 volucrem
1301 852 1495 916 turba
1521 851 1770 918 salutat
1796 872 2034 918 ovam.

493 949 809 1016 Protinus
839 952 1241 1036 exsculpunt
1268 960 1533 1019 sacrato
1558 956 1629 1018 in
1655 975 1982 1020 marmore
2008 956 2329 1038 formam5

582 1053 670 1119 Et
698 1056 963 1137 signant
992 1055 1187 1119 titulo
1209 1062 1482 1140 remque
1510 1056 1822 1142 diemque
1851 1078 2048 1124 novo.

492 1154 835 1222 Contrahit
863 1162 931 1223 in
960 1164 1206 1224 coetum
1238 1179 1385 1224 sese
1410 1178 1620 1243 gemis
1647 1181 1842 1226 omne
1868 1162 2255 1244 volantum3
2560 1160 2706 1234 156

580 1259 729 1324 Nec
761 1246 1008 1345 praedae
1038 1280 1289 1326 memor
1315 1269 1418 1328 est
1444 1262 1606 1340 ulla,
1633 1282 1760 1328 neo
1789 1264 1926 1328 ulla
1947 1270 2181 1330 metus.

490 1358 794 1428 Alituum
829 1367 1085 1448 stipata
1105 1362 1309 1429 choro
1337 1364 1670 1432 volatilla
1698 1384 1815 1451 per
1845 1367 2078 1444 altum,

575 1464 939 1550 Turbaque
971 1468 1399 1551 prosequitur
1425 1488 1698 1535 munere
1728 1469 1891 1534 laeta
1915 1471 2053 1554 pio.

491 1567 624 1633 Sed
658 1578 1012 1655 postquam
1044 1571 1193 1654 puri
1213 1574 1514 1654 pervenit
1537 1573 1626 1637 ad
1656 1573 1923 1638 aethe'ris
1953 1592 2191 1645 auras:

576 1671 747 1735 Mox
776 1671 944 1736 redit
965 1673 1135 1753 ista3
1180 1675 1321 1737 suis
1352 1674 1662 1739 conditur
1689 1674 1800 1739 ille
1830 1675 2022 1741 locis·
2097 1746 2108 1755 ,
2145 1711 2153 1720 ·
2560 1675 2698 1740 160

489 1771 585 1840 At
612 1773 964 1838 fortunatae
992 1775 1191 1838 sortis
1217 1774 1451 1859 filique
1482 1777 1821 1842 volucrem
1848 1778 1863 1843 Ι

575 1875 703 1941 Cui
733 1876 818 1941 de
845 1897 919 1942 se
946 1879 1137 1943 nasci
1167 1879 1481 1963 praestitit
1504 1879 1661 1963 ipse
1693 1879 1911 1944 Deus.

1409 2043 1765 2064 OO‘OOOOOOOOO

484 2140 698 2193 Jenens.
740 2149 845 2191 vet.
887 2141 1004 2191 eod.
1045 2140 1253 2205 Gallaei,
1295 2150 1351 2194 et
1380 2122 1477 2207 p⁸ro
1513 2146 1657 2195 varia
1680 2147 1803 2195 lect.
1822 2146 1945 2195 Vat.
1968 2158 2050 2209 pr.
2102 2142 2247 2207 pigra
2267 2144 2393 2193 Vat.
2426 2157 2531 2193 sec.
2591 2143 2703 2197 Nee

484 2211 641 2257 tamen
653 2211 728 2256 est
754 2208 902 2271 pigro
923 2207 1207 2256 Bar-tholis.
1238 2209 1480 2259 Francius
1507 2210 1741 2275 legebat,
1768 2208 1924 2259 Tarda
1944 2214 2103 2259 tamen
2133 2225 2225 2258 noa
2256 2213 2346 2271 ost,
2374 2213 2429 2258 nt
2465 2224 2592 2270 sves,
2613 2212 2701 2274 ξε.

482 2276 646 2322 -148
675 2287 762 2336 per
778 2287 925 2334 grave
944 2287 1108 2335 corpus
1142 2274 1345 2323 Suecic.
1372 2272 1754 2325 Heinsii.-160
1793 2275 1919 2325 Talis
1940 2275 1991 2323 ia
2012 2276 2236 2337 adspectu
2270 2289 2321 2324 se
2340 2274 2532 2323 exhibet
2555 2289 2699 2339 usque

488 2335 743 2399 hominum]
769 2337 1015 2385 Nonnulli
1034 2337 1241 2386 codices
1262 2338 1313 2386 in
1333 2340 1615 2403 adspectum.
1652 2341 1704 2389 in
1724 2340 2143 2404 udspemsetmt
2159 2341 2310 2388 Voss.
2329 2355 2446 2388 cum
2467 2339 2702 2404 oxonio,

490 2400 675 2450 Heius.
698 2416 747 2450 se
763 2402 895 2450 docet
916 2402 1133 2452 Maeran.
1212 2402 1332 2452 oebet
1358 2405 1555 2454 Medic.
1576 2412 1631 2456 et
1646 2406 1727 2455 ed.
1748 2406 1897 2463 Rom.
1923 2408 2069 2454 1470.
2087 2403 2252 2468 prebet
2275 2404 2476 2454 Suecic.
2496 2412 2554 2454 et
2575 2405 2697 2455 duae

484 2464 606 2515 edd.
625 2467 824 2516 Romm.
844 2467 944 2516 hoc
968 2473 1052 2516 est
1064 2482 1097 2530 p
1236 2504 1250 2528 ,
1267 2476 1325 2516 ut
1344 2468 1525 2519 Heius.
1552 2470 1800 2519 Francius
1820 2470 2150 2532 ascripserat,
2176 2468 2311 2518 Talis
2330 2470 2381 2518 in
2400 2470 2699 2532 adspectum,

484 2530 600 2580 talis
618 2531 670 2580 in
690 2546 775 2581 ora
796 2533 937 2581 venit.
957 2532 1209 2582 seexhibet
1220 2533 1410 2584 Venet.
1426 2535 1577 2586 Juut.
1596 2533 1719 2584 ΑΜ.
1738 2533 1880 2584 Pith.
1898 2534 2221 2599 Rapheieng.
2239 2535 2442 2584 Demst.
2458 2534 2694 2585 Ganaeus

485 2602 539 2646 et
564 2598 886 2646 Bunemann.
921 2612 970 2646 se
995 2601 1121 2646 tenet
1146 2603 1321 2648 tamen
1346 2601 1578 2663 reposuit
1601 2600 1780 2649 Heius.
1804 2614 1871 2649 ex
1893 2600 2041 2648 Voss.
2065 2605 2121 2649 et
2143 2598 2315 2650 Oxou.
2342 2599 2483 2662 quod
2507 2600 2562 2648 in
2583 2606 2690 2650 vet.

488 2663 605 2711 cod.
625 2662 817 2713 Gailaei
836 2663 989 2711 etiam
1015 2663 1386 2726 legitate—151
1422 2664 1526 2714 Hic
1547 2665 1678 2714 venit
1708 2665 1859 2715 VosS.
1883 2670 1937 2712 et
1959 2662 2154 2714 Medic.
2180 2664 2293 2714 Huc
2312 2663 2441 2713 venit
2473 2662 2694 2716 Μαι-ιιι.

484 2726 682 2776 Sueeic.
709 2734 820 2777 uter
861 2741 924 2776 ue
943 2727 1115 2778 Vatic.
1138 2725 1301 2777 Hafn.
1325 2736 1380 2779 et
1398 2730 1636 2780 Barthoi.
1689 2730 1823 2780 Hinc
1843 2729 1974 2779 venit
1996 2729 2078 2778 ΛΕ.
2101 2733 2140 2780 t.
2159 2732 2222 2777 ud
2241 2744 2305 2778 m.
2327 2730 2458 2778 nisus
2488 2744 2556 2781 ex
2589 2731 2695 2780 Ms.

485 2793 797 2857 ascripserat
850 2809 890 2843 s.
912 2793 1142 2844 Vossius.
1175 2800 1234 2844 ut
1256 2809 1322 2843 ex
1346 2802 1452 2844 vet.
1475 2795 1592 2846 eod.
1613 2794 1818 2845 notavit
1844 2795 2253 2845 Gallianum—152
2288 2794 2357 2843 Et
2375 2796 2507 2844 clara
2530 2793 2692 2846 Hafa.

483 2860 688 2908 resultat
718 2859 869 2908 Voss.
909 2858 1114 2909 Suecic.
1150 2857 1200 2907 in
1225 2858 1348 2909 Act.
1366 2860 1587 2911 ffenenS.
1639 2861 1754 2910 tuba
1774 2861 1951 2909 salutat
1974 2860 2057 2908 ed.
2079 2859 2223 2909 Pith.
2248 2859 2375 2908 vitio
2396 2874 2691 2923 operarum.

481 2921 730 2972 Francius
751 2922 995 2987 conjecit,
1028 2925 1092 2972 Et
1114 2939 1270 2973 raram
1291 2927 1490 2975 volucris
1527 2924 1670 2976 turba
1697 2925 1874 2974 sahttat
1892 2928 2205 2974 avem—153
2237 2925 2511 2991 exsculpunt
2535 2925 2688 2976 Voss.

478 2984 685 3037 Bodlei.
729 2990 944 3038 Maeran.
986 2989 1189 3039 Suecic.
1230 2989 1452 3053 Heiusii,
1474 2997 1694 3054 uterque
1716 2990 1956 3040 vatican.
1988 2989 2273 3038 Bartholin.
2294 2997 2400 3039 vet.
2422 2990 2539 3042 cod.
2617 2991 2689 3040 al·

474 3051 590 3113 laei,
613 3060 668 3102 et
688 3054 893 3103 Suecic.
930 3055 982 3102 in
1006 3052 1126 3104 Act.
1148 3055 1360 3106 Jenens.
1394 3055 1533 3120 quod
1561 3055 1790 3119 praetulit
1819 3054 2005 3104 Heius.
2054 3054 2321 3119 insculpunt
2343 3054 2539 3106 Medic.
2616 3056 2688 3105 in·

480 3117 613 3166 coln.
657 3117 820 3166 Hafa.
850 3118 1093 3167 Lambec.
1139 3127 1196 3168 et
1239 3120 1361 3170 edd.
1389 3118 1592 3170 Romm.
1619 3120 1803 3169 venet.
1834 3133 1893 3169 ac
1924 3119 2074 3171 Jnnt.
2112 3126 2168 3170 ut
2199 3127 2502 3169 correxerat
2523 3121 2684 3172 etiam

478 3181 744 3231 Francius.
787 3183 873 3247 qui
893 3183 1035 3231 titulo
1051 3196 1131 3230 suo
1150 3197 1246 3295 pro
1263 3199 1377 3234 novo
1401 3200 1509 3249 seq.
1534 3200 1668 3236 vers.
1701 3184 1943 3234 malebat.
1989 3185 2254 3249 insculpunt
2289 3185 2370 3235 ed.
2393 3184 2517 3234 ΑΜ.
2540 3186 2683 3236 Pith.

480 3244 798 3311 Rapheieng.
823 3249 1026 3297 Demst.
1048 3247 1149 3297 Gai
1174 3284 1187 3298 .
1210 3255 1265 3297 et
1290 3250 1511 3299 Bunem.
1562 3255 1747 3300 sacrato
1769 3263 2000 3298 marmore
2032 3249 2148 3300 cod.
2190 3250 2578 3301 Mastane—154
2620 3252 2689 3302 Et

481 3313 622 3364 titulo
642 3313 835 3374 signant
859 3313 1090 3361 Vossian.
1115 3312 1319 3365 Bodlei.
1343 3320 1399 3364 et
1419 3315 1626 3366 Suecio.
1648 3316 1701 3364 in
1725 3313 1848 3364 Act.
1866 3314 2080 3366 Jenens.
2102 3314 2259 3364 sedin
2277 3314 2394 3365 cod.
2410 3314 2686 3367 Hafniensi

478 3378 666 3428 vitiosa
711 3386 822 3429 erat
855 3378 1113 3441 scriptura
1154 3378 1258 3428 coeli
1290 3379 1522 3445 diemque.
1564 3394 1679 3445 quae
1728 3379 1973 3429 indicium
2013 3379 2248 3443 praebeat
2287 3380 2340 3428 in
2380 3380 2495 3429 aliis
2529 3379 2685 3433 fuisse

478 3445 668 3506 caelant,
682 3457 777 3508 pro
792 3444 1158 3506 signant—155
1193 3450 1340 3494 coetus
1358 3446 1507 3495 Voss.
1533 3453 1590 3495 et
1623 3445 1827 3494 Suecic.
1864 3445 1916 3493 in
1953 3444 2069 3494 Act.
2093 3444 2233 3507 Lips.
2286 3445 2340 3493 ia
2361 3447 2528 3495 coelum
2550 3446 2686 3496 Bod-

474 3502 729 3559 lei.—156
764 3510 865 3559 Nec
881 3512 1055 3573 praedoe
1075 3509 1233 3558 minor
1247 3516 1318 3559 est
1339 3510 1573 3560 Lincoln.
1594 3510 1710 3559 dein
1743 3525 1829 3559 nec
1845 3524 2017 3558 memor
2033 3510 2128 3558 ulla
2144 3513 2294 3558 metus
2308 3510 2459 3559 Voss.
2478 3518 2534 3560 et
2556 3509 2679 3560 Bar-

474 3572 822 3625 thelim—158
843 3588 1030 3625 munere
1045 3575 1244 3639 scripti.
1262 3575 1626 3640 corrigendum
1644 3575 1968 3625 nihilominus
1982 3570 2218 3623 marmure
2228 3575 2310 3637 pio
2325 3581 2481 3636 putat
2499 3575 2681 3628 Heius.

474 3643 639 3689 —160
674 3641 794 3688 Mox
813 3641 938 3689 redit
958 3640 1043 3689 illa
1066 3640 1291 3692 Maerau.
1304 3640 1506 3690 Medic.
1527 3641 1678 3690 Suec.
1701 3646 1923 3704 uterque
1945 3638 2113 3688 Vatic.
2151 3638 2302 3688 Suec.
2324 3639 2378 3688 in
2412 3639 2533 3690 Act.
2559 3642 2680 3693 Jen.

477 3712 534 3752 et
557 3703 721 3753 Hafn.
746 3705 798 3752 in
874 3719 939 3754 uo
975 3706 1098 3754 unde
1120 3720 1218 3769 pro
1249 3706 1351 3766 ille,
1373 3705 1508 3770 quod
1535 3713 1590 3754 et
1612 3704 1663 3753 in
1686 3705 1883 3754 Medic.
1935 3704 2064 3753 Mox
2081 3703 2207 3751 redit
2228 3704 2330 3766 iun,
2346 3705 2444 3754 suis
2464 3707 2682 3757 conditur

474 3767 561 3817 illa
581 3769 696 3817 locis
717 3770 845 3818 Bart
882 3770 999 3820 olin.
1047 3773 1158 3819 inde
1179 3771 1398 3820 Maeran.
1445 3768 1704 3820 evaditur-i
1845 3769 1956 3818 locis
1991 3768 2290 3830 conjecerat
2316 3770 2476 3820 etiam
2500 3771 2681 3822 Heius.

476 3832 566 3883 wa
587 3833 699 3882 locis
714 3834 872 3883 etiam
894 3834 946 3883 in
968 3834 1129 3884 tribus
1152 3835 1235 3884 ed.
1252 3836 1616 3885 Romm.—161
1638 3837 1707 3884 At
1751 3838 1982 3883 manatoe
1996 3834 2140 3882 sortis
2144 3832 2318 3899 filique
2337 3836 2570 3885 comem
2584 3835 2610 3886 Ι
2629 3841 2681 3888 et

477 3894 618 3946 refer
634 3899 697 3947 ad
723 3898 1000 3947 Parcarum
1022 3899 1180 3948 filum.
1204 3899 1322 3949 vide
1345 3907 1597 3950 annotata
1612 3900 1677 3950 ad
1702 3900 1922 3950 Nasonis
1948 3897 2165 3948 Heroid.
2193 3912 2293 3949 xn.
2317 3914 2393 3949 vs.
2414 3906 2464 3952 8.
2491 3901 2675 3953 Heins-

477 3965 547 4013 At
557 3958 823 4024 fortunata·
841 3964 986 4012 sortis
1006 3963 1162 4013 VosS.
1195 3965 1390 4015 Medic.
1437 3966 1655 4016 Maeran.
1696 3971 1752 4014 et
1786 3964 1986 4014 Succic.
2013 3963 2133 4013 Act.
2152 3960 2362 4014 Jeuens.
2416 3966 2542 4016 Hoec
2565 3966 2681 4017 edd.

474 4026 678 4078 Romm.
694 4029 826 4076 Ven.
843 4028 878 4079 J
884 4035 993 4079 unt.
1015 4027 1136 4077 Ald.
1154 4029 1296 4079 Pitb.
1321 4031 1555 4095 aliaeque.
1595 4031 1792 4097 filisque
1814 4029 1964 4079 Suec.
1984 4029 2198 4080 Jenens.
2238 4029 2461 4092 felixque
2482 4032 2681 4082 volueri·

478 4090 697 4143 Maeran.
739 4094 956 4157 felixque
996 4095 1232 4143 volucrum
1268 4095 1370 4144 duo
1406 4096 1550 4145 Vatt.
1598 4110 1715 4145 cum
1757 4092 2046 4144 Barthoiin.
2099 4092 2313 4157 natisque
2336 4094 2457 4147 edd.
2481 4096 2660 4147 Romm

480 4157 605 4207 etin
621 4159 862 4209 Lambec.
887 4159 1002 4208 cod.
1027 4159 1164 4208 unde
1182 4159 1293 4223 ipse
1316 4161 1622 4211 Lambecius
1647 4161 1793 4225 legit,
1811 4175 2024 4223 raraeque
2044 4159 2260 4220 volucris,
2281 4159 2449 4210 Isaac.
2467 4162 2678 4215 vossius

474 4221 610 4272 libro
632 4233 725 4273 suo
742 4224 1067 4288 ascripserat,
1085 4223 1388 4284 Asos-tanate
1427 4227 1572 4276 sortis
1593 4226 1805 4292 finisque
1824 4223 2095 4276 volucrem!
2132 4223 2215 4274 cui
2245 4223 2296 4272 id
2329 4225 2559 4277 tribuere
2593 4226 2680 4278 'de-

476 4286 677 4341 buisset
714 4286 963 4355 Gallaeus,
995 4289 1084 4356 qui
1113 4290 1362 4356 malebat,
1403 4291 1448 4340 0
1469 4290 1753 4361 fortunate.
1787 4297 1847 4341 ut
1876 4288 2144 4355 Francius,
2176 4289 2258 4340 eui
2268 4284 2397 4357 fiais
2418 4290 2675 4357 placebat.
