3034 4934
516 402 648 471 828
1167 410 1284 463 οι..
1331 408 1762 466 οιΑυυιΑΝι
1812 406 2101 457 xxviii.

516 562 742 646 Adde,
770 562 955 646 quod
986 558 1251 645 et-ripis
1281 562 1559 624 steterat
1586 554 1898 620 munitior
1924 552 2172 631 hostie,

523 666 612 732 Et
640 665 754 730 cui
781 685 901 730 nec
930 664 1200 747 vigilem
1222 662 1326 726 sas
1355 667 1461 726 est
1485 678 1885 743 componere
1912 656 2270 723 Rhoesum.

517 766 749 833 Thrax
776 772 942 832 erat:
986 767 1095 830 hic
1127 765 1461 829 Thracum
1492 762 1801 827 domitor.
1892 760 2053 825 Non
2084 758 2221 823 tela
2244 754 2622 823 retardant:
2697 833 2710 840 ,

525 868 769 954 objice
796 889 931 934 non
959 869 1156 935 haesit
1180 868 1391 932 fluvii.
1481 866 1598 930 Sic
1626 866 1738 929 ille
1767 865 2091 929 minacem

520 967 927 1057 Tyrrhenam
951 973 1218 1037 labente
1245 988 1514 1033 manum
1546 986 1670 1051 pro
1696 973 1897 1051 ponte
1925 964 2258 1050 repellens
2596 959 2731 1026 485

520 1074 814 1161 'Prajecit
842 1074 1077 1160 clypeo
1105 1071 1381 1157 Tybrin,
1417 1089 1555 1154 quo
1587 1075 1843 1135 texerat
1874 1067 2124 1133 Urbem

521 1176 888 1261 Tarquinio
920 1178 1195 1241 mirante
1225 1173 1488 1252 CocleS‚
1517 1174 1895 1256 mediisque
1926 1171 2259 1254 superbus

521 1278 935 1345 Porsennam
965 1280 1258 1362 respexit
1289 1277 1508 1362 aquis.
1597 1274 1792 1340 Celer
1820 1273 2067 1340 Addua
2092 1279 2318 1340 nostro

526 1382 844 1449 Sulcatus
875 1401 1140 1465 socero;
1172 1379 1313 1461 sed,
1338 1400 1492 1446 cum
1523 1384 1831 1457 tranaret,
1859 1377 2163 1444 Etruscis

523 1599 734 1649 furtivis.
777 1598 1014 1661 Αιϋιιιιςε,
1035 1601 1154 1664 quod
1175 1599 1325 1649 hostis
1342 1600 1486 1649 etiam
1507 1598 1747 1650 Alaricus
1757 1597 1943 1659 sortior
1959 1595 2237 1646 constiterat
2253 1593 2309 1643 in
2324 1594 2487 1643 littore
2503 1589 2667 1655 fluvii,
2682 1596 2731 1642 et

525 1665 569 1714 is
592 1670 726 1729 erat,
740 1666 816 1714 cui
836 1681 919 1715 nec
935 1664 1133 1714 Rhoesus
1154 1665 1385 1713 excubans
1393 1670 1547 1727 potest
1695 1664 1845 1713 arari.
1882 1663 2098 1712 Rhoesus
2121 1660 2288 1711 Thrax
2309 1663 2412 1708 erat
2422 1675 2444 1717 ‚·
2465 1658 2542 1706 liic
2565 1656 2735 1707 Alari-

526 1743 617 1779 cus
638 1730 791 1779 victor
811 1730 1059 1779 Thracum.
1097 1730 1208 1777 Non
1220 1745 1355 1778 orma
1375 1729 1589 1779 cohibent
1698 1744 1746 1777 m
1769 1727 2126 1787 Stilichonem,
2149 1725 2234 1790 qui
2256 1739 2349 1773 non
2370 1724 2642 1772 retardatus
2662 1726 2732 1770 est

525 1794 758 1844 obstaculo
767 1794 1005 1859 fluminis.
1059 1793 1140 1844 Ita
1160 1794 1240 1843 ille
1264 1796 1512 1844 Horatius
1535 1796 1695 1844 Cocles
1719 1792 1996 1857 propulsans
2016 1791 2251 1840 cohortem
2278 1788 2566 1838 Thasi-orum
2587 1787 2733 1836 mini·

525 1864 705 1910 tantem
723 1874 811 1923 pro
834 1859 1030 1908 tuendo
1061 1864 1202 1923 ponte
1223 1861 1435 1922 cadente,
1463 1859 1705 1921 superavit
1726 1858 1910 1909 Tibrim
1931 1871 2048 1906 cum
2071 1860 2205 1905 scuto
2224 1869 2312 1918 quo
2339 1851 2613 1913 defenderat
2637 1852 2736 1900 Ro-

526 1939 669 1988 mam,
706 1924 961 1988 Tarquinio
999 1922 1362 1988 obstupescente,
1392 1929 1438 1973 et
1464 1925 1701 1987 gloriosus
1730 1923 2018 1987 despectavit
2040 1921 2328 1970 Porsennam
2348 1918 2401 1968 in
2421 1916 2571 1967 medio
2591 1930 2734 1980 aque·

523 2003 644 2042 rum.
707 1989 881 2040 Addua
901 1990 1037 2039 velox
1056 1994 1301 2054 superatus
1341 1995 1422 2039 est
1460 2005 1493 2039 a
1522 2003 1677 2039 socero
1712 1992 1872 2058 nostro
1906 1986 2166 2038 Stilichone
2200 1985 2377 2049 etism,
2406 1984 2491 2032 sed
2522 1997 2630 2032 cum
2652 1981 2735 2032 ille

1444 2151 1806 2172 “‘ONOOOON

529 2285 624 2333 481
656 2286 855 2333 steterat
873 2283 993 2347 ripis
1015 2284 1210 2334 Mox-et.
1234 2287 1478 2349 pia—⁴182
1510 2300 1571 2334 ne
1588 2283 1783 2347 vigilem
1805 2282 1971 2335 Oisel.
1995 2297 2078 2333 nee
2106 2280 2303 2345 vigilem
2341 2280 2444 2330 duo
2468 2278 2656 2331 Leidd.
2681 2286 2736 2330 et

530 2346 744 2411 triginta
779 2346 888 2397 fere
923 2347 1088 2398 codd.
1129 2349 1258 2400 Exc.
1303 2349 1506 2399 Schott.
1550 2347 1768 2400 Gevart.
1812 2350 2028 2399 Lucens.
2081 2361 2162 2413 pr.
2193 2340 2320 2395 Ver.
2359 2345 2466 2396 LL.
2506 2360 2536 2395 e
2575 2360 2737 2410 marg.

528 2411 871 2462 Para—483
910 2413 1043 2463 mx
1074 2418 1177 2462 erat
1197 2414 1348 2463 Voss.
1377 2415 1543 2463 Thrax
1564 2419 1669 2463 erat
1697 2415 1823 2465 Lov.
1848 2415 2042 2466 Moret.
2074 2426 2180 2463 sec.
2219 2409 2340 2460 Ald.
2365 2412 2493 2462 Exc.
2518 2409 2738 2462 Gevart.

530 2476 643 2526 Rex
661 2483 764 2527 erat
783 2479 978 2527 Thuan.
1003 2478 1238 2527 Traxerat
1261 2478 1405 2528 Med.
1430 2493 1510 2542 pr.
1532 2480 1655 2531 Jun.
1679 2494 1759 2545 pr.
1782 2478 1863 2529 ed.
1889 2477 2062 2528 Vicet.
2094 2477 2205 2527 hinc
2226 2477 2417 2526 Mon-et.
2439 2490 2518 2539 pr.
2535 2491 2621 2525 nec
2643 2476 2738 2525 tels

516 2539 654 2592 ·Vat.
678 2557 784 2593 sec.
809 2542 954 2592 Med.
979 2549 1103 2593 tert.
1127 2542 1338 2594 Tholos.
1363 2544 1537 2593 Oxou.
1576 2558 1656 2608 pr.
1694 2545 1910 2594 retur-tint
1947 2542 2092 2593 Med.
2118 2544 2401 2592 tert—484
2420 2540 2595 2604 fluviis
2614 2542 2739 2591 Vnt.

512 2616 638 2657 ‘sem
661 2608 808 2658 Med.
834 2612 956 2658 tert.
977 2608 1169 2658 Moret.
1193 2623 1270 2673 pr.
1305 2609 1512 2659 minaces
1533 2610 1825 2670 Rea—⁴85
1860 2624 2050 2659 manum
2082 2609 2209 2658 Lov.
2234 2607 2428 2656 Moret.
2472 2620 2578 2655 sec.
2617 2599 2739 2656 Ald'.

516 2672 711 2721 ‘domum
747 2674 871 2723 Var.
919 2667 1023 2723 LL.
1067 2673 1150 2723 ed.
1197 2671 1359 2725 Antv.
1398 2690 1557 2724 amum
1590 2673 1738 2724 Med.
1763 2688 1868 2724 sec.
1906 2688 2049 2724 manu
2073 2674 2155 2722 vel
2178 2687 2367 2720 monum
2388 2670 2513 2721 Exc.
2536 2671 2740 2722 Schott.

522 2739 728 2800 pondere
745 2739 922 2802 pellens
952 2739 1073 2787 Vnt.
1136 2753 1179 2787 ι’.
1202 2754 1270 2788 ιιι.
1294 2753 1374 2802 ρι’.
1404 2740 1613 2803 repetens
1630 2739 1824 2789 Mon-et.
1846 2753 1926 2803 pr.
1948 2738 2179 2788 rebellans
2219 2736 2356 2786 Prie.
2389 2737 2597 2799 repulsas
2615 2736 2650 2788 J
2656 2751 2742 2787 un.

528 2815 610 2865 ρι’.
644 2804 886 2865 repulsans
931 2803 1103 2868 conjic
1127 2802 1247 2852 ebat
1284 2803 1639 2855 Heba—486
1676 2804 1911 2853 Tranwit
1947 2817 2042 2866 ρι’,ο
2086 2802 2290 2862 Trnjecit
2325 2801 2448 2852 Vnt.
2487 2815 2593 2850 sec.
2635 2802 2739 2852 inc.

531 2865 716 2930 Heius.
754 2868 1027 2916 Transierat
1052 2867 1227 2917 Oxou.
1249 2882 1352 2917 sec.
1389 2868 1568 2933 Tybrin
1607 2869 1839 2920 Floreat.
1865 2867 2033 2917 Tibi-in
2055 2866 2199 2917 Leid.
2239 2881 2317 2930 pr.
2364 2865 2571 2934 Tybrum
2595 2867 2738 2918 Med.

530 2943 632 2979 sec.
660 2929 843 2980 Tibrim
866 2938 1086 2996 quatuor
1120 2933 1268 2982 Vatt.
1311 2932 1425 2982 Pal.
1474 2934 1650 2996 Tigrin
1693 2931 1828 2997 Reg.
1864 2933 2051 2983 Petav.
2091 2947 2197 2981 sec.
2239 2932 2410 2994 Tigrin
2448 2931 2532 2979 vel
2571 2932 2742 2981 Tibi-in

530 2993 728 3045 Moret.
751 3010 857 3044 sec.
881 2996 1059 3046 texerit
1079 2995 1203 3047 Jun.
1225 3012 1305 3061 pr.
1329 3003 1549 3047 traxerat
1572 2999 1720 3048 Rott.
1742 2998 1888 3049 Med.
1911 3013 2017 3047 sec.
2040 2996 2223 3048 Ambr.
2246 3010 2325 3060 pr.
2346 2995 2502 3046 orbem
2516 2995 2642 3047 Jun.
2658 3010 2738 3061 pr.

528 3061 691 3108 -487
723 3062 969 3124 mediasque
1006 3076 1099 3124 pro
1138 3062 1389 3125 mutisque
1410 3062 1598 3113 Petav.
1629 3066 1916 3114 tert—488
1946 3062 2155 3129 respexit
2179 3062 2326 3111 Rott.
2360 3062 2610 3125 prospexit
2627 3062 2743 3111 Pal.

528 3122 677 3174 Med.
712 3139 794 3187 pr.
834 3126 1043 3188 respexit
1074 3126 1157 3175 vel
1190 3127 1439 3191 prospexit
1477 3128 1624 3178 Med.
1659 3133 1781 3178 tert.
1823 3128 2039 3191 despexit
2076 3126 2309 3180 malebat
2345 3126 2528 3176 Heius.
2568 3127 2742 3177 Addua

528 3187 733 3238 Tbuan.
771 3190 955 3240 Petuv.
992 3206 1070 3255 ρι’.
1096 3191 1290 3242 Moret.
1313 3207 1420 3242 sec.
1445 3194 1588 3241 Aduo
1606 3192 1710 3242 duo
1737 3193 1882 3242 Med.
1907 3192 2089 3243 Ambr.
2113 3198 2237 3244 tert.
2261 3190 2344 3242 ed.
2369 3190 2542 3240 vicet.
2570 3191 2743 3242 Abduc

531 3252 655 3329 Alci.
686 3254 814 3303 Ver.
837 3255 943 3305 LL.
976 3270 1006 3304 e
1029 3270 1193 3320 marg.
1218 3257 1394 3306 Parm.
1429 3259 1599 3307 Ardua
1622 3257 1727 3308 duo
1748 3259 1894 3307 Vatt.
1913 3257 2056 3309 Pric.
2095 3256 2256 3307 Oisel.
2286 3254 2434 3305 Med.
2466 3261 2592 3305 tert.
2634 3257 2740 3307 inc.

530 3315 717 3367 Heius.
740 3318 865 3395 l'ut.
901 3320 1033 3384 Reg.
1057 3320 1159 3370 duo
1181 3320 1366 3371 Petav.
1394 3322 1519 3371 Lov.
1539 3321 1668 3374 Jun.
1693 3336 1772 3388 ρι’.
1812 3322 1917 3372 duo
1953 3322 2122 3372 Oxou.
2162 3320 2345 3371 Leidd.
2372 3319 2507 3370 Attia
2542 3322 2741 3373 Moret-

530 3396 613 3447 ρι’.
634 3383 790 3436 Adrm
812 3384 1132 3437 Fatue-489
1165 3385 1388 3437 &luatur
1406 3387 1529 3438 Vnt.
1569 3401 1652 3452 pr.
1687 3394 1743 3438 et
1775 3393 1901 3438 tert.
1939 3386 2053 3438 Pal.
2083 3386 2228 3437 Prie.
2250 3385 2420 3439 Oisel.
2456 3384 2591 3451 Reg.
2612 3387 2742 3438 Exc.

1523 3551 1743 3603 NOTAE

594 3685 691 3732 482
732 3682 941 3746 Vigilem
961 3683 1212 3747 Rhoesum]
1247 3685 1373 3735 Νόἧ
1397 3684 1477 3735 fas
1513 3693 1596 3736 est
1677 3689 1839 3751 ponte
1860 3683 2106 3750 abrupto,
2137 3681 2370 3733 hostibus
2389 3680 2562 3732 aditus
2584 3681 2744 3732 inter·

530 3770 649 3807 cum
681 3757 888 3810 Alarico
910 3774 1214 3824 comparare
1235 3762 1476 3811 Rhoesum
1497 3761 1596 3812 eti·
1678 3765 2000 3825 cluderetur,
2023 3769 2079 3811 et
2110 3761 2224 3824 ipse
2259 3760 2313 3808 in
2345 3773 2503 3824 aquas
2537 3758 2744 3810 decide-

530 3832 660 3883 amsi
678 3834 960 3899 vigilasset.
991 3837 1435 3903 AlioquiRlioesus
1463 3840 1479 3867 ‘
1494 3840 1599 3904 pri·
1680 3847 1789 3890 ret:
1824 3838 1914 3887 sed
1935 3837 2161 3887 feliciter
2180 3842 2361 3899 postea
2380 3836 2635 3887 enatavit.

530 3921 630 3996 mo·
655 3923 835 3958 somno
871 3910 1094 3973 prodita'
1137 3920 1308 3964 castra
1341 3919 1399 3965 et
1436 3918 1597 3965 vitam
1741 3922 1840 3967 488
1872 3915 2070 3979 Addua]
2102 3914 2200 3964 Vel
2216 3912 2429 3974 Abdus,
2452 3912 2518 3962 de
2542 3928 2647 3979 quo
2661 3928 2741 3966 su·

529 3985 722 4037 amisit.
1678 4008 1792 4058 pra.

514 4087 527 4101 ·
593 4065 689 4114 481
718 4061 904 4126 Cocles]
927 4062 1181 4114 Horatius
1203 4066 1412 4129 Cocles,
1431 4068 1519 4133 qui
1536 4082 1594 4118 se
1740 4073 1838 4119 489
1887 4067 2148 4130 Transret]
2201 4066 2420 4117 Stilicho
2459 4066 2742 4131 praefertur

537 4140 784 4203 opposuit
820 4141 1078 4192 exercitui
1105 4143 1411 4203 Porseunae,
1435 4146 1594 4194 Thus·
1676 4144 1897 4203 Cocliti3
1932 4158 2053 4193 nam
2071 4143 2155 4193 liic
2177 4150 2383 4207 tergum
2402 4143 2617 4194 Thuscis
2636 4158 2744 4194 ver·

512 4229 709 4286 :corum
728 4217 884 4283 Regi,
924 4219 1094 4284 Reges
1114 4221 1418 4287 Tarquinios
1444 4222 1596 4273 redu·
1667 4222 1843 4285 tebet,
1867 4222 2237 4284 etsivincens3
2269 4221 2354 4276 hic
2374 4227 2561 4287 pectus
2583 4236 2740 4288 oppo-

529 4307 651 4351 cere
668 4295 877 4346 conanti
892 4311 908 4361 3
923 4297 1069 4350 etita
1081 4312 1138 4348 se
1155 4299 1415 4365 opposuit,
1425 4300 1597 4352 donec
1675 4299 1834 4354 nebat
1856 4297 2027 4352 Getis.
2697 4318 2702 4326 ·
2720 4327 2730 4348 2
