3034 4934
1243 406 1644 457 EmYLLIA.

2366 389 2545 458 1097

337 549 503 615 Sola
529 552 726 629 tenet,
757 568 992 614 secura
1016 550 1181 633 poli,
1213 572 1346 617 non
1375 552 1604 637 indiga
1634 552 1850 619 venti:

335 651 608 726 Gaudet
635 652 852 737 aquis,
885 672 1056 736 quas
1084 654 1241 738 ipsa
1272 656 1473 735 vehit,
1502 656 1798 741 Niloque
1824 653 2225 723 redundant:

336 754 476 834 Qui
504 755 740 841 rapido
771 763 991 821 tractu
1014 757 1255 823 mediis
1284 761 1561 842 elapsus
1593 761 1680 824 ab
1712 757 2006 838 AustriS,
2097 824 2103 830 ,
2143 799 2149 805 ·

334 857 797 943 Flammigerae
826 862 1082 944 patiens
1112 862 1321 928 Zonae
1355 863 1733 947 Cancrique
1765 863 2065 942 calentis,

334 960 693 1027 Fluctibus
722 964 967 1046 ignotis
991 969 1304 1030 nostrum'
1320 967 1646 1050 procurrit
1676 962 1745 1048 in
1769 967 2022 1044 orbem,

2454 966 2544 1033 lo

335 1060 604 1130 Secreto
633 1065 719 1130 de
746 1065 928 1132 fonte
958 1069 1237 1148 cadens,
1269 1069 1386 1154 qui
1419 1089 1685 1154 semper
1713 1069 1891 1133 inani

336 1164 761 1245 Quaerendus
790 1170 1050 1237 ratione
1077 1171 1242 1237 latet
1265 1194 1283 1254 3
1328 1173 1761 1254 nec·contigit
1789 1171 1908 1237 ulli

336 1268 498 1336 Hoc
524 1270 773 1337 vidisse
802 1279 1031 1358 caput.
1120 1274 1357 1341 Fertur
1387 1277 1533 1341 sine
1563 1281 1729 1341 teste
1762 1280 2044 1355 creatur„
2151 1352 2156 1358 q

330 1472 516 1523 ventis.-
535 1472 728 1534 fruitur
750 1475 883 1539 aquis
903 1491 1020 1539 quas
1056 1476 1158 1542 ipsa
1167 1476 1294 1539 fert,
1315 1484 1361 1528 et
1385 1494 1501 1544 qnae
1524 1479 1765 1528 exundant
1787 1493 1852 1526 ex
1877 1476 2010 1541 Nilo,
2040 1476 2121 1541 qui
2143 1490 2384 1539 emergens
2401 1490 2564 1532 cursu,

326 1538 569 1603 proecipiti
589 1555 651 1589 ex
672 1541 827 1590 media
848 1541 1058 1605 regione
1081 1544 1314 1605 meridiei,
1351 1546 1556 1594 tolerans
1573 1560 1738 1593 zonam
1759 1542 2008 1605 torridum,
2047 1546 2095 1592 et
2120 1542 2355 1592 Cancrum
2371 1544 2552 1592 arden-n

329 1607 447 1665 tem,
464 1605 730 1668 prorumpit
750 1607 801 1655 in
823 1611 978 1656 terras
996 1613 1182 1658 neuras
1202 1610 1477 1672 ambagibus
1496 1610 1707 1672 occultis,
1729 1609 1892 1672 fluens
1923 1623 1986 1657 ex
2018 1607 2313 1668 scaturigine
2348 1622 2542 1670 arcuna,

329 1682 436 1731 Μ
452 1684 634 1733 semper
653 1671 982 1734 investiganda
1002 1688 1122 1722 euno
1142 1677 1296 1734 modo,
1315 1676 1563 1739 incognita
1585 1679 1655 1736 est
1675 1693 1696 1735 ,-
1725 1689 1870 1738 neque
1909 1674 1999 1723 ulli
2037 1688 2299 1723 concessum
2320 1678 2390 1722 est
2408 1672 2539 1736 aspi-

327 1748 434 1785 cere
453 1740 593 1799 caput
613 1735 749 1796 lardus
769 1735 947 1788 fluvii:
982 1738 1064 1800 hic
1086 1740 1265 1790 dicitur
1273 1740 1441 1801 suctus
1477 1741 1580 1791 siue
1612 1745 1897 1806 spectatore,
1933 1740 2153 1789 emittens
2188 1752 2335 1803 aquus
2372 1751 2552 1801 agno&

1256 1878 1342 1897 ‘O‘
1349 1876 1613 1897 NOOONO‘

332 1967 477 2018 Med.
499 1982 606 2019 sec.
654 1985 840 2021 severos
874 1986 969 2034 pro
992 1986 1179 2022 serenos
1200 1972 1498 2021 nusum—⁷
1535 1972 1634 2034 ipse
1655 1970 1783 2021 vehit
1819 1970 1963 2020 Med.
1988 1984 2094 2020 sec.
2143 1970 2373 2034 Nilusque
2392 1965 2542 2022 Med.

329 2047 437 2083 sec.
469 2034 669 2084 anlid.
724 2038 962 2087 redundat
994 2043 1100 2087 tres
1139 2038 1287 2087 Vatt.
1323 2036 1439 2087 Pal.
1472 2037 1621 2086 Rott.
1659 2036 1826 2087 Oisel.
1880 2037 2146 2085 redundant
2182 2034 2311 2085 Cod.
2352 2034 2539 2097 Epigr-

327 2097 611 2149 Ambr.——8
661 2105 818 2151 tractu
859 2104 1024 2165 rapido
1062 2104 1181 2152 Vat.
1231 2108 1354 2152 tert.
1401 2102 1628 2151 Florent.
1702 2102 1885 2165 elapsus
1929 2101 2048 2151 Pal.
2105 2100 2256 2149 elatus
2306 2099 2537 2149 Florent.

327 2162 475 2214 Med.
498 2180 602 2215 sec.
627 2165 724 2217 inc.
758 2166 941 2217 Heius.
974 2168 1098 2218 Pnt.
1123 2167 1310 2217 Petav.
1330 2182 1439 2218 sec.
1472 2167 1677 2216 Bonon.
1712 2166 1817 2216 dno
1842 2165 2022 2216 Ambr.
2045 2165 2240 2214 Moret.
2265 2177 2342 2229 pr.
2365 2164 2539 2214 Oxon.

327 2243 433 2280 sec.
457 2230 657 2281 Buslid.
682 2231 809 2282 eod.
836 2233 1014 2295 Epigr.
1037 2234 1217 2284 Ambr.
1240 2232 1431 2282 Sched.
1467 2232 1609 2283 Gud.
1647 2232 1773 2281 Ver.
1795 2232 1897 2281 LL.
1937 2245 1967 2280 e
1989 2245 2151 2294 marg.
2172 2230 2348 2279 Parm.
2369 2235 2423 2278 et
2453 2227 2542 2279 ed.

328 2292 490 2344 Antv.
522 2295 699 2345 mcstris
715 2298 836 2348 Vat.
857 2314 935 2361 pr.
962 2298 1074 2349 Pal.
1111 2299 1213 2348 duo
1234 2298 1379 2348 Med.
1413 2299 1544 2348 Exc.
1586 2296 1805 2348 Lucens.
1829 2311 1911 2361 pr.
1944 2296 2100 2346 uun-is
2133 2295 2364 2345 Florent.
2392 2292 2541 2344 Med.

325 2374 437 2410 sec.
464 2360 571 2411 inc.
594 2361 774 2413 Heius.
799 2363 920 2413 Pnt.
946 2363 1045 2413 duo
1063 2364 1252 2414 PetaV.
1294 2365 1496 2413 Bonon.
1518 2362 1624 2413 duo
1648 2361 1831 2413 Ambr.
1873 2361 2066 2411 Moret.
2086 2375 2167 2424 pr.
2206 2360 2335 2411 Cod.
2360 2358 2541 2423 Epigr-

325 2424 510 2475 Ambr.
534 2426 720 2477 Sched.
744 2428 982 2478 Gnd.-9
1015 2429 1352 2492 Flammigeroe
1372 2429 1497 2479 Put.
1536 2427 1714 2478 Ambr.
1734 2443 1812 2491 pr.
1835 2426 2035 2476 Buslid.
2085 2424 2411 2485 Flammiferoe
2436 2431 2540 2473 tres

322 2491 478 2540 Vatt.
505 2489 665 2542 Hafn.
689 2492 803 2543 Pal.
829 2495 975 2543 Rott.
1002 2494 1163 2544 Oisel.
1197 2496 1468 2557 cuicumque.
1491 2508 1587 2557 pro
1610 2494 1872 2555 Cancrique
1894 2491 2086 2541 Petav.
2112 2495 2350 2542 sec.—10
2386 2487 2541 2539 Frau-

324 2556 464 2605 dibus
493 2556 548 2605 in
580 2558 756 2607 nostris
790 2573 885 2623 pro
919 2559 1167 2609 Fluctibus
1197 2559 1377 2621 ignotis
1413 2559 1560 2608 Med.
1585 2573 1688 2607 sec.
1740 2557 1998 2606 innumeris
2019 2554 2176 2606 Hafn.
2216 2554 2396 2604 Ambr.
2419 2558 2541 2605 tert.

323 2621 381 2669 in
401 2622 579 2671 nostris
599 2622 785 2674 Peter.
819 2638 922 2675 sec.
945 2624 1074 2675 Cod.
1108 2625 1288 2689 Epigr.·
1313 2622 1495 2674 Ambr.
1549 2628 1755 2673 vestrum
1780 2637 1874 2685 pro
1898 2626 2107 2671 nostrum
2129 2619 2274 2670 Med.
2298 2633 2378 2682 pr.
2427 2631 2539 2682 pro·

323 2686 505 2736 eumbit
528 2687 710 2738 Petav.
743 2703 822 2752 pr.
852 2689 1090 2754 percurrit
1120 2688 1300 2740 Ambr.
1335 2695 1457 2739 tert.
1510 2687 1565 2737 iu
1584 2703 1742 2752 <equor
1760 2686 2089 2737 Buslid.--ll
2124 2685 2282 2735 lubens
2298 2684 2415 2734 Pal.
2439 2683 2541 2732 duo

325 2750 607 2803 Mede-12
638 2754 841 2818 contigit
859 2755 935 2805 illi
965 2756 1224 2805 Pub—13
1256 2754 1539 2815 siuefertur
1572 2757 1692 2804 teste
1714 2753 1896 2803 Petav.
1920 2766 2024 2802 sec.
2079 2751 2124 2800 si
2158 2765 2252 2800 non
2276 2749 2384 2810 fert
2410 2747 2539 2799 eod.

1324 2902 1548 2954 NOTAE

280 3006 290 3015 ⁴
395 3007 461 3053 lo
493 3003 725 3055 Nostrum
742 3007 793 3056 in
814 3008 991 3073 orbem]
1022 3008 1088 3059 In
1108 3009 1391 3075 AEgyptum

326 3080 553 3144 scilicet,
576 3097 692 3148 qnae
716 3086 886 3148 patria
905 3092 1023 3137 erat
1045 3087 1327 3137 Claudiani.

396 3161 456 3207 ll
491 3158 685 3209 Secreto
705 3160 936 3228 deserite]
967 3164 1103 3214 Fons
1132 3164 1242 3215 Nili
1263 3165 1394 3215 anti·

324 3235 443 3300 quis
473 3243 590 3286 erat
630 3238 948 3302 incognitus:
1001 3254 1205 3290 cansam
1243 3242 1393 3306 hujus

324 3313 405 3363 rei
429 3313 649 3365 Ovidius
673 3316 856 3379 jocose
881 3316 1063 3367 tribuit
1095 3317 1392 3367 Phaethon-

324 3389 395 3440 tis
416 3390 676 3456 incendio,
700 3407 802 3458 qno
826 3393 978 3444 Nilus
1000 3394 1213 3464 territus
1235 3394 1390 3460 fugit,

323 3470 342 3498 ⁴
371 3468 725 3534 Occninitqne
755 3477 933 3536 capnt,
969 3472 1106 3536 qnod
1132 3472 1298 3521 adhuc
1319 3474 1390 3522 ia-

327 3544 446 3595 tet!
477 3546 649 3611 Hujus
672 3547 969 3597 inveniendi
991 3549 1287 3612 cupiditate
1299 3548 1392 3599 fla·

326 3630 549 3688 gruunt
565 3638 668 3674 non
691 3626 854 3675 solnm
868 3625 1204 3689 Philosophi,
1222 3626 1312 3675 sed
1336 3633 1393 3677 et

325 3702 505 3766 magni
522 3702 816 3768 Principes.
849 3702 1149 3754 Alexander
1165 3705 1395 3768 gentium

327 3778 574 3843 domitor,
597 3773 865 3840 Sesostris,
898 3787 954 3830 et
972 3780 1287 3831 Ptolemaeus
1308 3780 1393 3829 ΙΕ-

327 3856 631 3922 gyptiorum
651 3856 821 3920 Reges
844 3855 942 3906 hac
975 3856 1028 3905 in
1068 3870 1126 3905 re
1155 3857 1394 3921 perdide·

325 3938 453 3983 runt
464 3945 696 3995 eperum.
736 3932 1021 3995 Cambyses
1044 3933 1112 3984 ad
1130 3932 1396 3984 idfrnstra

327 4008 568 4060 adhibuit
601 4009 908 4060 exercitum.
972 4010 1045 4060 Et
1080 4010 1256 4060 Caeser
1287 4017 1395 4066 tem

324 4086 667 4136 vehomenter
686 4085 846 4136 fontis
868 4085 1089 4149 hujusce
1111 4085 1396 4151 detegendi

326 4171 490 4216 astro
509 4166 743 4232 percitus
761 4170 896 4226 erat,
915 4163 1127 4232 hune-ut
1148 4163 1397 4214 honorem

327 4239 631 4369 hemioli
654 4246 711 4293 et
733 4246 988 4292 terrerum
1019 4240 1240 4308 irnperio
1264 4255 1399 4306 ρης

331 4324 391 4369 tu
413 4317 426 4329 ⁸
515 4324 554 4370 t.

1541 3011 1601 3058 18
1628 3007 1807 3057 Fertur
1819 3007 1920 3056 sine
1936 3009 2056 3056 teste
2070 3002 2282 3066 creatus]
2307 3002 2386 3052 Ex
2401 3002 2544 3053 Stre·

1472 3084 1610 3134 bone
1632 3083 1895 3135 Homerus
1920 3088 2096 3146 vocat,
2115 3082 2290 3130 Νεῖλον
2320 3076 2545 3144 ameria,

1471 3161 1712 3226 delapsum
1733 3177 1763 3210 α
1776 3160 1906 3211 Diis.
1950 3160 2005 3211 S.
2025 3151 2362 3223 Augustinus,
2376 3157 2546 3209 Theo-

1474 3237 1711 3299 domtus,
1732 3244 1790 3287 et
1825 3237 1914 3285 alii
1945 3235 2114 3286 sancti
2144 3235 2334 3285 Patres
2358 3234 2541 3284 Nilum

1475 3330 1542 3365 ex
1558 3314 1810 3366 Paradiso
1836 3314 2073 3365 terrestri
2098 3317 2267 3361 ortum
2288 3324 2404 3360 esse
2428 3322 2544 3359 cre·

1474 3394 1737 3455 didernnt,
1755 3391 1858 3442 rati
1877 3406 1990 3441 esse
2009 3388 2237 3453 fluvium,
2253 3401 2405 3454 quem
2423 3386 2541 3436 Μο-

1473 3486 1556 3522 ses
1596 3477 1748 3521 vocat
1781 3471 1796 3497 ‘
1820 3470 2006 3519 Gehon
2031 3467 2118 3532 qui
2153 3465 2394 3515 circumit
2433 3476 2550 3512 om·

1472 3564 1591 3599 nem
1615 3556 1806 3598 terram
1829 3543 2142 3609 AEthiopiae,’
2166 3556 2317 3607 quam
2341 3540 2541 3591 AEthio-

1471 3627 1610 3691 piam
1634 3640 1730 3690 per
1759 3623 2123 3674 subterraneos
2153 3625 2352 3669 meatus
2374 3624 2429 3668 et
2451 3616 2541 3667 ad·

1473 3710 1561 3754 eat
1607 3710 1663 3754 et
1705 3702 1905 3766 irriget.
1987 3699 2138 3748 Idem
2186 3697 2348 3748 sentit
2389 3694 2542 3747 Jose-
2619 3749 2624 3753 ,

1474 3783 1632 3846 phns;
1652 3797 1752 3847 quo
1766 3777 1996 3830 nonnulli
2007 3777 2165 3828 etiam
2182 3790 2385 3826 versum
2403 3775 2544 3824 hune

1474 3860 1816 3924 virgilianum
1840 3856 2091 3918 referunt,
2112 3858 2127 3884 ‘
2150 3856 2331 3919 Usque
2347 3855 2544 3906 colora·

1474 3938 1548 3988 tis
1563 3939 1726 3989 amnis
1749 3937 1978 3986 devexus
2003 3934 2069 3985 ab
2085 3931 2266 3984 Indis)
2310 3930 2384 3981 At
2401 3932 2550 3982 Gen-¹

1476 4015 1658 4079 graphi
1682 4013 2000 4065 recentiores
2023 4011 2311 4069 Gehonem‚
2327 4022 2429 4058 non
2446 4008 2542 4058 Ni·

1476 4094 1600 4155 lum,
1638 4092 1730 4141 sed
1767 4089 1995 4141 Araxem
2040 4103 2153 4138 esse
2200 4085 2542 4150 contendunt,

1478 4169 1567 4234 qui
1585 4169 1744 4217 alluat
1758 4167 2072 4231 AEthiopiam
2090 4164 2399 4229 Scythicam.
2434 4162 2541 4213 Sed

1478 4251 1656 4298 tamen
1680 4259 1748 4293 ex
1785 4250 1891 4293 tam
1930 4242 2083 4294 variis
2123 4248 2390 4291 auctorum
2428 4252 2543 4289 sen·

1481 4313 1670 4392 tentiis
1685 4320 1816 4382 mis
1833 4326 2000 4390 putet,
2025 4333 2182 4388 quum
2215 4317 2455 4370 occuitus
2470 4328 2549 4365 es·
