3034 4934
1004 425 1103 475 nn
1149 423 1391 474 sunno
1438 427 1708 476 enrico
1758 429 1906 479 mn.
2077 467 2080 472 .
2425 410 2559 488 763

350 564 560 637 Arma
587 567 856 647 dabant,
886 568 1310 653 flammisque
1336 568 1450 633 diu
1481 571 1787 637 mollitus
1808 580 1875 639 et
1902 580 2042 640 arte

353 671 435 737 In
468 691 596 736 sua
624 672 869 736 damna
897 672 1200 756 chalybs',
1228 672 1420 737 fabro
1449 673 1742 756 lugente,
1771 677 2077 743 rubebat.

353 774 727 839 Hortantes
751 774 857 838 his
887 774 1058 839 adde
1087 775 1314 841 Deos:
1369 797 1505 841 non
1530 779 1792 842 somnia
1820 781 2037 859 nobis,

350 877 502 942 Nec
532 879 879 959 volucres3
925 879 1042 943 sed
1075 881 1259 944 clara
1289 881 1515 964 palam
1547 867 1685 945 vox
1712 881 1893 948 edita
1919 885 2075 949 luco
2108 889 2248 950 est:
2428 882 2561 954 545

348 978 624 1064 Rumpe
657 999 908 1058 omneS,
939 980 1230 1059 Alarice,
1257 1002 1498 1047 moras,
1593 983 1755 1049 Hoc
1785 986 2063 1069 impiger
2090 1006 2268 1052 anno

347 1080 643 1166 Alpibus
675 1082 894 1148 Italiae
919 1085 1137 1168 ruptis
1165 1085 1543 1168 penetrabis
1575 1085 1662 1149 ad
1697 1084 1973 1153 Urbem.

348 1183 516 1250 Huc
546 1186 674 1249 iter
698 1206 909 1270 usque
939 1185 1147 1250 datur.
1234 1185 1411 1266 Quis
1430 1188 1577 1273 jam
1607 1194 1764 1271 post
1793 1190 1961 1256 talia
1990 1190 2212 1275 segnis

260 1341 283 1356 .
348 1283 700 1370 Ambigat,
733 1293 844 1353 aut
865 1289 1046 1356 eoelo
1076 1290 1336 1355 dubitet
1362 1309 1591 1374 parere
1619 1293 1936 1357 vocanti'l

350 1390 470 1458 Sic
501 1393 636 1466 ait:
681 1392 1109 1477 hortatusque
1137 1411 1299 1458 suos
1327 1392 1637 1476 belloque
1660 1395 1929 1479 viaeque
2041 1412 2049 1420 ·
2425 1397 2561 1464 550

351 1492 649 1561 Instruit.
738 1494 1082 1560 Attollunt
1114 1516 1329 1562 vanos
1359 1498 1633 1561 oracula
1663 1496 1898 1561 fastus.

348 1646 570 1697 vitutem.
634 1647 786 1697 Inviti
803 1647 1074 1712 prabebant
1096 1650 1193 1697 tela
1232 1647 1330 1697 sibi
1353 1646 1518 1708 noxia,
1537 1649 1586 1695 et
1606 1646 1797 1711 chalybs
1815 1653 2078 1698 macemtus
2108 1649 2297 1711 long-um
2318 1654 2367 1700 et
2386 1649 2497 1713 igne
2515 1654 2564 1702 et

346 1710 608 1774 industria,
644 1713 912 1764 rubescebat
952 1714 1006 1762 in
1033 1714 1234 1764 exitium
1255 1728 1408 1773 suum,
1430 1682 1579 1770 fabro
1598 1719 1839 1762 moerente.
1903 1714 2121 1776 Adime
2153 1715 2229 1766 llis
2262 1714 2416 1765 rebus
2436 1717 2567 1766 Deos

255 1776 271 1789 “
347 1777 652 1839 impellentes.
720 1780 833 1827 Nou
853 1778 1038 1828 somnia
1069 1779 1204 1827 uobis
1243 1778 1392 1827 missa
1437 1783 1581 1838 sunt,
1611 1792 1702 1826 m
1735 1793 1860 1839 aves,
1898 1781 1982 1827 sed
2011 1794 2103 1828 vox
2134 1779 2386 1840 manifesta
2404 1786 2567 1843 aperte

347 1842 520 1891 emissa
557 1848 624 1891 est
666 1858 734 1891 ex
769 1844 918 1908 sylva.
995 1843 1043 1893 Ο
1070 1843 1280 1904 Alarice,
1301 1857 1464 1905 rumpe
1498 1857 1655 1892 omnes
1691 1858 1871 1892 moras:
1916 1844 2003 1892 hoc
2033 1843 2346 1905 aunofraetis
2365 1845 2569 1923 Alpibus

348 1908 532 1968 Jtalioe,
548 1914 766 1971 promtus
795 1908 1000 1958 intrabis
1032 1909 1083 1958 iu
1115 1909 1289 1960 urbem.
1356 1908 1612 1971 Hucusque
1654 1908 1732 1955 viu
1880 1909 2039 1957 editur
2080 1909 2193 1959 tibi.
2264 1911 2486 1973 Ecquis)
2487 1926 2569 1961 un

348 1972 552 2033 ἱειιαυιω
548 1924 681 2036 pud
696 1974 795 2024 hoec
818 1974 978 2024 verba
986 1974 1212 2037 fluctuet
1230 1977 1316 2022 aut
1336 1972 1551 2034 refugiat
1573 1972 1757 2022 obedire
1769 1910 1904 2034 πω
1925 1973 2187 2025 invitanti?
2234 1973 2473 2025 Alaricus
2493 1976 2568 2024 ita

340 2037 579 2108 loquitur,
614 2044 662 2088 et
700 2038 917 2089 excitans
958 2054 1080 2104 suos,
1105 2043 1346 2103 proeparut
1370 2052 1458 2087 eos
1495 2037 1562 2089 ad
1600 2038 1692 2086 iter
1710 2043 1755 2087 et
1781 2038 1847 2087 sd
1864 2040 2098 2103 proelium.
2167 2040 2373 2089 Oraculu
2391 2045 2570 2103 augent

1278 2165 1638 2187 e‘aeaeeeeoeeee

349 2250 473 2301 sius.
474 2256 641 2301 -542
673 2249 850 2303 dabunt
874 2260 981 2302 vet.
1007 2252 1139 2316 Gyr.
1162 2252 1337 2304 dabant
1361 2254 1462 2303 duo
1487 2252 1673 2304 Leidd.
1706 2258 1766 2302 et
1808 2251 1992 2317 viginti
2024 2252 2126 2302 duo
2165 2251 2294 2314 alii,
2313 2253 2445 2304 Exc.
2465 2254 2571 2306 Ge-

350 2323 488 2367 vart.
514 2318 732 2367 Luc-ens.
756 2331 833 2381 pr.
858 2317 985 2367 Cod.
1027 2318 1210 2368 Rhem.
1236 2317 1359 2370 Ald.
1398 2318 1529 2368 item
1563 2320 1686 2368 Vsr.
1727 2317 1834 2367 LL.
1875 2332 1904 2367 e
1942 2331 2103 2381 marg.
2125 2317 2302 2368 Pan-m.
2321 2319 2491 2369 dabam
2510 2326 2568 2371 et

346 2380 685 2434 ,emendatum
705 2381 886 2431 dabunt
907 2383 1033 2432 Lov.
1055 2373 1231 2432 dabunt
1255 2386 1335 2432 vel
1359 2384 1537 2433 dabant
1570 2385 1699 2433 Exc.
1733 2383 1883 2432 Loeti.
1902 2381 2192 2446 flammaque
2214 2384 2340 2434 Lov.
2377 2386 2569 2435 molitus

351 2446 477 2495 edd.
499 2447 674 2497 Vicet.
713 2447 886 2498 Pan-m.
925 2462 1034 2498 arce
1069 2463 1162 2511 pro
1198 2453 1304 2498 arte
1340 2449 1530 2500 Petav.
1565 2462 1667 2498 see.
1668 2451 1830 2496 -543
1854 2448 2049 2508 jubebat
2089 2458 2195 2497 vet.
2234 2449 2362 2513 Gyr.
2383 2449 2569 2500 redibat

349 2511 536 2562 Ambr.
573 2527 678 2562 sec.
717 2512 903 2562 rubebit
941 2515 1070 2577 Reg.
1110 2513 1310 2563 rudebat
1350 2514 1495 2564 Pric.
1534 2530 1601 2565 m.
1641 2527 1719 2577 pr.
1759 2514 1884 2564 Lov.
1907 2528 1975 2563 m.
2001 2527 2077 2577 pr.
2115 2514 2205 2563 sed
2238 2514 2569 2566 emendatum

351 2576 566 2627 rubebat.
589 2578 820 2626 rubebunt
842 2578 926 2628 ed.
950 2580 1121 2628 Vicet.
1149 2577 1389 2639 fremebat
1409 2579 1535 2631 Jun.
1576 2593 1655 2643 pr.
1691 2578 1865 2628 Oxou.
1900 2592 2005 2626 sec.
2045 2578 2237 2627 rubebat
2257 2578 2359 2627 duo
2381 2579 2569 2631 Leidd.

351 2643 584 2693 Florem.
611 2650 720 2692 tres
744 2642 886 2694 Med.
924 2644 1046 2693 Put.
1068 2644 1709 2698 Thuan.Mazar.Bonon.
1740 2642 2092 2693 Pat.'1'holos.
2129 2643 2232 2692 duo
2255 2643 2438 2695 Ambr.
2461 2651 2571 2695 tres

350 2707 543 2762 Petav.
566 2710 715 2758 Voss.
741 2709 862 2758 LoV.
887 2709 1038 2759 ambo
1065 2710 1256 2760 Moret.
1278 2709 1379 2759 inc.
1406 2709 1587 2758 Heius.
1610 2708 1738 2758 Exc.
1761 2708 1979 2757 Lucens.
2002 2722 2080 2769 pr.
2101 2708 2228 2758 Cod.
2246 2708 2429 2760 Rhem.
2451 2708 2572 2763 Ald.

349 2773 478 2822 Var.
503 2774 614 2823 LL.
639 2787 667 2822 e
703 2789 867 2837 marg.
892 2773 1048 2823 Parm
1054 2778 1230 2825 .—544
1266 2774 1535 2823 Horreutes
1553 2773 1700 2823 Med.
1733 2787 1837 2821 sec.
1859 2772 1937 2822 hic
1957 2774 2075 2822 adde
2096 2774 2217 2824 Vat.
2243 2788 2320 2837 pr.
2340 2774 2437 2823 diis
2452 2776 2574 2826 udde

351 2838 559 2888 Bonon.
583 2839 717 2888 Deus
740 2839 867 2890 Jun.
893 2853 972 2903 pr.
996 2856 1082 2889 nec
1101 2841 1283 2890 somnia
1303 2839 1450 2889 Med.
1474 2845 1643 2916 quart.
1646 2841 1807 2887 -545
1845 2839 1952 2887 Non
1976 2837 2090 2890 Pal.
2114 2838 2257 2889 Med.
2282 2854 2362 2904 p.r
2385 2838 2570 2892 Ambr.

353 2918 431 2965 pr.
467 2905 571 2953 Nec
590 2905 724 2953 Exc.
750 2905 902 2954 Laeti.
923 2906 1090 2954 addita
1114 2905 1286 2955 Oxou.
1311 2919 1390 2968 pr.
1413 2904 1603 2953 reddita
1625 2902 1811 2952 Ambr.
1843 2918 1921 2967 pr.
1947 2904 2076 2952 Exc.
2115 2904 2266 2954 Laeti.
2291 2906 2374 2954 ed.
2397 2905 2573 2957 Vicet.

350 2968 483 3017 edita
507 2970 735 3017 Floreat.
761 2977 870 3019 tres
892 2970 1036 3019 Med.
1061 2972 1164 3020 inc.
1191 2969 1372 3019 Heius.
1410 2970 1533 3022 Put.
1573 2968 1705 3032 Reg.
1743 2969 1941 3017 ἸΙιιιιιιι.
1974 2969 2174 3019 Βοιιοιι.
2210 2970 2333 3019 Pat.
2367 2969 2574 3021 Tholos.

349 3032 476 3083 Lov.
500 3034 650 3084 VoSS.
672 3034 869 3084 Mon-et.
888 3049 991 3085 sec.
1014 3035 1118 3085 duo
1146 3034 1322 3084 Ambr.
1352 3042 1456 3084 tres
1478 3036 1662 3084 Petsv.
1687 3035 1817 3083 Exc.
1840 3033 2057 3084 Gevart.
2081 3036 2181 3084 luco
2204 3041 2276 3084 est
2297 3036 2422 3085 Lov.
2446 3037 2570 3100 luco,

350 3100 945 3163 'sineest‚Reg.Mo1-et.
981 3101 1559 3165 pr.Petav.sec.—546
1591 3104 1699 3148 tuas
1721 3112 1813 3162 pro
1838 3114 1992 3148 moras
2013 3100 2135 3150 Jun.
2160 3114 2239 3164 pr.
2265 3101 2437 3151 Oxou.
2460 3114 2569 3151 sec.

352 3179 489 3212 amne
517 3179 614 3227 pro
634 3179 756 3214 anuo
781 3165 930 3215 Fam.
933 3170 1092 3215 —647
1125 3166 1179 3214 in
1210 3167 1374 3215 urbem
1412 3167 1545 3215 Exe.
1585 3165 1716 3213 Laeti
1722 3169 1901 3214 .-—548
1935 3165 2045 3213 Hoc
2083 3166 2227 3214 Med.
2257 3180 2362 3214 sec.
2387 3164 2572 3216 Ambr.

355 3242 436 3293 pr.
462 3230 629 3282 datum
652 3231 770 3279 Pat.
788 3231 896 3294 plus
930 3233 1052 3281 teliu
1094 3232 1286 3281 Moret.
1311 3246 1388 3295 pr.
1390 3234 1554 3279 -549
1584 3228 1813 3290 Ambiget
1855 3229 1954 3279 inc.
1978 3229 2159 3281 Heius.
2179 3236 2235 3279 ut
2257 3232 2366 3281 coelo
2387 3229 2572 3282 Ambr.

354 3308 433 3358 pr.
457 3299 502 3342 et
521 3295 631 3343 coelo
653 3295 777 3344 Lov,
805 3296 997 3345 Monffet
1025 3311 1102 3360 pr.
1117 3296 1243 3347 Jun.
1268 3310 1344 3357 pr.
1369 3294 1541 3344 Oxou.
1560 3309 1664 3343 sec.
1687 3294 1869 3343 dubitet
1894 3294 2003 3343 coelo
2025 3294 2222 3344 Mazar.
2243 3296 2428 3345 dubitat
2444 3296 2571 3348 Juu.

397 3373 438 3407 r.
459 3358 629 3411 Oxou.
652 3375 755 3409 sec.
759 3365 921 3409 —550
955 3361 1040 3410 Sic
1062 3366 1139 3410 eat
1167 3362 1356 3410 Moret.
1382 3375 1461 3423 pr.
1484 3361 1793 3423 hortaturque
1816 3366 1920 3408 tres
1940 3360 2083 3409 vati.
2104 3359 2218 3410 Pal.
2255 3362 2409 3409 Farn.
2435 3360 2571 3412 Pric.

414 3431 509 3474 ott.
534 3425 698 3474 Oisel.
730 3425 860 3474 Exc.
886 3427 1037 3475 Laeti.
1060 3426 1362 3488 Iwrtutusque
1388 3424 1533 3474 Leid.
1553 3440 1631 3488 pr.
1650 3425 1859 3473 ΉιοΙοε.
1879 3423 2005 3474 Exc.
2030 3427 2246 3474 Luceus.
2273 3441 2350 3487 pr.
2372 3425 2572 3489 belloque

354 3488 535 3551 uioeque
557 3490 681 3539 Lov.
704 3490 907 3555 belliqiae
928 3492 1107 3555 viaeque
1129 3492 1321 3540 Moret.
1362 3505 1439 3552 pr.
1481 3490 1678 3553 bellique
1698 3490 1822 3539 Vnt.
1862 3504 1964 3539 sec.
2003 3505 2187 3553 suaeque
2207 3492 2330 3539 Var.
2359 3489 2463 3540 LL.
2485 3491 2570 3548 ed

353 3552 518 3604 Antv.
542 3555 704 3619 vieque
726 3557 917 3606 Moret.
936 3571 1039 3605 see.
1064 3555 1184 3606 Ald.
1206 3556 1375 3618 viaque
1395 3556 1516 3604 Vst.
1558 3569 1637 3618 pr.
1673 3554 1824 3604 Farn.
1853 3546 2029 3603 Ambr.
2053 3563 2177 3604 tert.
2212 3553 2391 3619 viteque
2417 3554 2569 3605 Leid.

354 3633 436 3682 pr.
458 3628 519 3669 et
543 3620 725 3683 viginti
749 3621 850 3671 duo
875 3622 1042 3671 Codd.
1066 3622 1193 3670 Exc.
1226 3621 1445 3670 Lucens.
1486 3633 1566 3683 pr.
1589 3620 1713 3668 var.
1740 3620 1845 3669 LL.
1868 3635 1897 3672 e
1920 3634 2077 3681 marg.
2102 3619 2276 3672 Par-m.
2296 3622 2463 3684 viaque
2485 3621 2572 3672 vel

356 3685 534 3750 viaque
569 3685 1053 3737 Exc.1.aeti.-551
1091 3686 1333 3736 Instructo
1364 3700 1460 3752 pro
1501 3684 1708 3734 Instruit
1747 3685 1869 3734 Vat.
1904 3700 1983 3749 pr.
2027 3685 2180 3736 Fam.
2216 3692 2373 3738 melos
2406 3686 2573 3740 Oizel.

1348 3817 1569 3869 NOTAE

420 3917 517 3964 543
555 3914 615 3964 Iu
646 3931 733 3966 sua
764 3917 959 3980 damna]
1009 3915 1236 3981 Chalybs
1271 3916 1423 3966 rube-
1505 3930 1624 3966 eum
1669 3916 1898 3984 Romam*
1930 3913 2291 3976 contenderet,
2350 3916 2572 3980 monitus

360 3990 450 4042 bat
491 3993 546 4042 in
583 3992 769 4042 damna
810 3994 888 4042 sui
923 3991 1077 4054 fabri,
1116 4008 1206 4044 seu
1245 4007 1424 4042 eorum
1504 3993 1606 4052 sibi
1640 4007 1748 4041 rem
1784 4006 1899 4041 esse
1933 4006 2050 4041 cum
2080 3990 2286 4045 infinita
2313 3991 2576 4063 bertuinum

359 4068 443 4133 qui
464 4076 556 4118 aut
578 4067 878 4120 conflabant
913 4069 1076 4134 illum,
1098 4078 1190 4121 aut
1211 4069 1425 4122 conflari
1503 4069 1854 4133 multitudine,
1882 4069 2164 4133 respondit,
2200 4070 2439 4120 Densum
2461 4085 2577 4136 grs-

355 4144 625 4212 jubebant.
1506 4162 1622 4197 men
1647 4148 1830 4195 melius
1853 4147 2085 4211 sequitur
2110 4144 2330 4196 falcem:
2366 4146 2577 4202 densior

425 4225 524 4271 546
560 4220 744 4286 Rumpe
762 4221 939 4286 moras]
973 4223 1202 4286 Pergaet
1224 4225 1427 4275 Romam
1505 4224 1668 4274 herba
1690 4224 1890 4274 facilius
1915 4221 2255 4276 succinditur.

361 4297 571 4351 annue.-
597 4297 716 4352 vide
734 4313 810 4351 vs.
829 4301 1136 4372 485.snpra.
1169 4298 1428 4368 Alaricus,
1531 4355 1536 4358 ,
1572 4306 1669 4355 549
1708 4300 1862 4374 Coelo]
1894 4300 2039 4366 sevi,
2059 4299 2148 4382 qui
2172 4300 2316 4361 Coelo,
2337 4306 2554 4370 praest.
