3034 4934
487 371 627 439 wo
1114 387 1228 437 οι..
1274 383 1702 435 ommuni-u
1751 380 2038 435 xxxvr.

491 536 1014 614 Commemorat,
1036 552 1447 617 parcumque
1468 531 1515 597 J
1517 552 1713 598 ovem
1742 552 1814 597 se
1842 533 2050 598 divite
2079 521 2346 601 elamat.

492 637 627 703 Cur
655 655 937 720 campos
962 637 1222 701 horrere
1251 636 1402 714 situ,
1434 635 1791 719 dumisque
1819 636 2068 719 repleri

402 750 410 756 '
492 736 687 805 Rura
714 741 937 820 velim,
967 744 1034 803 et
1059 738 1267 803 nullis
1298 759 1616 804 exornem
1647 739 1981 805 fructibus
2013 761 2258 805 anuum
2276 741 2307 805 Ἰ
2399 753 2406 762 ·

493 843 630 911 Se
601 864 767 929 Jam‚
802 864 952 928 quae
984 843 1260 925 genitrix
1289 844 1684 908 mortalibus
1715 850 1871 907 ante
1900 842 2165 924 suisset,

493 949 577 1014 In
605 948 783 1012 dirae
797 948 1020 1011 subito
1057 965 1278 1010 mores
1308 946 1640 1012 transisse
1669 966 2004 1012 novercae.
2127 955 2132 961 ’
2611 937 2702 1011 ’411

494 1050 679 1131 Quid
704 1054 989 1113 mentem
1018 1037 1308 1113 traxisse
1338 1049 1530 1132 polo,
1563 1049 1726 1132 quid
1757 1049 2005 1133 profuit
2029 1009 2238 1115 altum

492 1152 808 1220 Erexisse
838 1155 1069 1234 caput,
1098 1149 1439 1234 pecudum
1468 1151 1530 1215 si
1560 1170 1738 1217 more
1765 1158 2106 1235 pererrant

491 1253 694 1335 Avia,
738 1255 798 1318 si
824 1254 1149 1337 frangunt,
1182 1254 1560 1319 communia
1584 1255 1861 1338 pabula,
1890 1254 2222 1337 glandes‘l

490 1454 604 1503 conq
605 1440 789 1487 mitur
829 1453 911 1487 me
947 1440 1117 1488 Jovem
1161 1454 1276 1489 esse
1318 1453 1515 1489 avarum
1557 1454 1607 1516 ⁸!
1644 1440 1892 1503 locuplete.
1957 1439 2107 1490 Petit
2151 1454 2297 1504 qno-0
2326 1438 2524 1502 jubens
2559 1453 2708 1501 moe

491 1506 737 1570 squalere
739 1504 920 1564 illuvie,
972 1508 1020 1552 et
1054 1518 1171 1553 arva
1213 1503 1435 1568 compleri
1465 1503 1635 1570 spinis,
1665 1510 1714 1556 et
1755 1519 1914 1570 quare
1953 1505 2100 1555 nullis
2138 1508 2349 1555 decorem
2378 1502 2585 1564 foetsbus

492 1584 620 1620 num.
652 1568 800 1618 Dicit
821 1581 871 1617 se
889 1569 1013 1632 jam,
1044 1584 1148 1631 quoe
1179 1569 1315 1633 prius
1335 1568 1508 1630 fuerat
1548 1575 1700 1620 mater
1731 1569 2012 1631 hominibus,
2051 1571 2358 1631 degenerasse
2376 1570 2473 1618 cito
2510 1569 2563 1618 ιἰι
2601 1569 2705 1618 ani-

493 1649 620 1684 mun
655 1648 868 1682 novercoe
910 1634 1125 1683 crudelis.
1185 1635 1315 1691 Quid
1351 1633 1485 1695 juvit
1526 1635 1757 1685 homiues
1797 1637 1987 1684 duxisse
2029 1635 2237 1684 animum
2280 1650 2347 1684 ex
2385 1631 2557 1684 Coelo?
2589 1634 2703 1697 quia

485 1699 628 1764 juvit
669 1699 911 1749 sustulisse
949 1714 1001 1748 os
1034 1699 1246 1763 sublime,
1292 1699 1337 1749 si
1371 1701 1527 1749 instar
1570 1699 1823 1749 bestiarum
1861 1705 2125 1765 peragrant
2162 1702 2363 1766 deserta,
2395 1701 2440 1749 si
2476 1703 2706 1763 rumpunt

1419 1833 1779 1864 oooeeaeeeeee

495 1946 605 1991 tert
607 1947 752 1993 .·—36
778 1960 1069 2009 parvumque
1104 1947 1272 1995 Jovem
1306 1945 1502 1995 Mor-et.
1543 1959 1625 2008 pr.
1658 1945 1851 1994 damnat
1890 1946 2016 1995 Var.
2051 1945 2156 1994 LL.
2194 1957 2223 1992 e
2267 1957 2428 2006 marg.
2462 1942 2642 1991 Parm.
2643 1968 2707 1980 --

493 2009 558 2056 3⁷
594 2009 692 2064 Qui
713 2025 899 2072 campos
917 2011 1143 2059 Florent.
1163 2011 1364 2061 Bonou.
1389 2010 1581 2058 Moret.
1603 2021 1683 2073 pr.
1724 2009 1847 2061 Juu.
1871 2017 1927 2059 et
1950 2010 2126 2060 Oxou.
2152 2024 2230 2071 ρ.ι’
2268 2008 2407 2063 Quod
2439 2009 2567 2057 Vat.
2604 2021 2705 2057 sec.

494 2077 551 2122 et
573 2073 736 2137 quint.
764 2074 897 2129 Quid
921 2074 1072 2124 Voss,
1100 2090 1179 2146 pg.
1204 2076 1332 2128 Exc·
1357 2075 1546 2129 Petam
1585 2083 1754 2138 quart.
1791 2076 1891 2123 Cur
1911 2075 1992 2123 vel
2020 2074 2118 2129 Qui
2152 2073 2300 2122 Voss.
2331 2088 2434 2122 sec.
2479 2072 2586 2129 Quo
2624 2072 2706 2122 vel

497 2137 628 2194 Quid
650 2139 951 2203 conjecerat
968 2139 1151 2189 Heius.
1155 2143 1286 2191 —88
1318 2140 1450 2189 Arva
1483 2153 1582 2202 pro
1619 2139 1755 2188 Rura
1779 2141 1903 2193 Jun.
1940 2153 2019 2202 ρ.ι·
2047 2140 2167 2188 Vat.
2201 2144 2326 2187 tert.
2371 2138 2531 2198 velim,
2571 2137 2710 2186 nullis

494 2208 603 2251 tres
625 2204 775 2253 Vatt.
801 2211 856 2254 et
880 2207 929 2255 d.
952 2204 1069 2254 Pal.
1092 2206 1217 2254 Ριιι.
1241 2205 1372 2269 Reg.
1409 2205 1613 2253 Bonon.
1642 2204 1847 2255 Tholos.
1873 2205 2103 2253 chartac.
2122 2203 2304 2252 Heius.
2330 2203 2453 2255 Jun.
2476 2216 2581 2251 sec.
2606 2202 2708 2252 duo

493 2265 682 2317 Petav.
719 2268 821 2318 duo
858 2270 1028 2318 Oxou.
1061 2270 1191 2319 Exc.
1225 2269 1412 2319 Petav.
1451 2275 1621 2340 quart.
1660 2268 1779 2319 edd.
1816 2268 1937 2320 Ald.
1962 2269 2140 2318 Parm.
2163 2268 2343 2317 Vicet
2363 2268 2512 2320 Junt.
2539 2266 2716 2317 Calin.-

494 2329 741 2382 Parrhas.
780 2335 1009 2398 nullisque
1029 2335 1153 2383 Vat.
1178 2336 1342 2399 quint.
1376 2331 1564 2384 Petav.
1606 2348 1685 2397 pr.
1723 2334 1906 2384 Ambr.
1944 2340 2067 2384 tert.
2102 2334 2294 2383 Moret.
2333 2347 2415 2395 pr.
2457 2331 2586 2382 Juu.
2630 2346 2711 2395 pr.

494 2394 626 2448 Cod.
655 2398 944 2450 Bartholiu.
984 2399 1116 2448 Exc.
1161 2400 1310 2448 Laeti.
1343 2413 1577 2449 exornans
1597 2399 1722 2449 Put.
1742 2398 1979 2463 fluctibus
2014 2414 2109 2462 pro
2133 2396 2381 2459 fiuctibus
2422 2396 2539 2445 Pal.
2580 2396 2719 2447 Exc:

496 2460 678 2511 Petav.
713 2470 879 2526 quart.
883 2467 1013 2513 -39
1045 2464 1110 2513 Se
1132 2464 1238 2523 jam
1267 2465 1399 2513 Exc.
1424 2464 1575 2514 Laeti.
1609 2463 1799 2513 Semina
1835 2464 1918 2515 ed.
1954 2463 2123 2515 Vicet.
2163 2464 2342 2513 victrix
2376 2461 2565 2510 Petav.
2608 2476 2710 2511 sec.

491 2527 711 2587 genitrix
731 2528 855 2578 Vat.
882 2527 1047 2578 Livin.
1069 2530 1249 2579 cultrix
1272 2528 1453 2579 Ambr.
1478 2536 1601 2579 tert.
1621 2530 1790 2578 nutrix
1809 2530 1932 2580 Vat.
1966 2531 2131 2593 quint.
2166 2528 2291 2577 Put.
2324 2526 2531 2576 Tholos.
2554 2528 2708 2576 Voss.

496 2605 578 2653 pr.
603 2591 724 2642 Ald.
748 2594 829 2643 ed.
851 2594 1024 2643 Vicet.
1061 2596 1245 2644 rectrix
1267 2594 1389 2644 Vat.
1413 2599 1536 2644 tert.
1560 2600 1616 2643 et
1644 2594 1695 2646 d.
1718 2594 1832 2644 Pal.
1872 2594 2098 2644 Florem.
2121 2593 2294 2644 Oxou.
2318 2607 2398 2656 pr.
2422 2592 2547 2642 Put.
2574 2591 2706 2655 Reg.

496 2655 684 2706 Petav.
745 2673 785 2707 ι’.
804 2659 1006 2708 Βοιιοιι.
1043 2660 1145 2708 duo
1169 2659 1316 2709 Med.
1343 2659 1526 2709 Heius.
1564 2658 1634 2709 H.
1666 2666 1723 2708 et
1758 2659 1859 2709 luc.
1894 2660 2061 2723 ejusd.
2085 2658 2186 2710 duo
2216 2658 2341 2709 Juu.
2376 2655 2604 2720 genitrix
2628 2657 2711 2705 vel

495 2722 665 2770 nutrix
730 2732 803 2774 at.
827 2739 928 2774 sec.
969 2725 1151 2774 rectrix
1190 2725 1272 2774 vel
1298 2725 1471 2774 nutrix
1492 2726 1592 2774 inc.
1618 2724 1800 2774 Heius.
1832 2726 2015 2774 rectrix
2048 2724 2130 2773 vel
2163 2723 2332 2773 nutrix
2361 2722 2445 2771 vel
2485 2721 2714 2783 genitrix

494 2780 641 2837 Voss.
663 2801 784 2838 sec.-
767 2791 897 2838 --40
931 2805 1104 2840 morem
1121 2790 1352 2840 Florem.
1386 2789 1487 2839 inc.
1532 2789 1713 2840 Heius,
1748 2790 1936 2840 Petav.
1967 2805 2045 2853 pr.
2079 2787 2259 2837 Ambr.
2299 2793 2421 2836 tert.
2447 2786 2573 2834 Var.
2605 2787 2709 2838 LL.

498 2864 529 2898 e
551 2865 714 2917 marg.
737 2853 914 2904 Parm.
936 2870 1100 2904 nomen
1116 2854 1240 2905 Vat.
1268 2870 1371 2904 sec.
1409 2854 1615 2904 transire
1652 2862 1759 2909 tres
1788 2856 1936 2906 Vatt.
1968 2855 2093 2905 Put.
2131 2854 2260 2918 Reg.
2283 2854 2433 2901 Voss.
2535 2852 2710 2904 ..Juu

498 2927 579 2977 pr.
615 2916 716 2966 duo
751 2916 922 2969 Oxou.
965 2920 1091 2969 Cod.
1126 2919 1416 2970 Bar-thulin.
1438 2920 1570 2969 Exc.
1592 2919 1776 2969 Petav.
1801 2926 1972 2984 quart.
1999 2924 2196 2968 mentem
2215 2918 2565 2979 transissepolo
2589 2917 2709 2966 Pal.

500 2978 686 3030 Petav.
726 2997 813 3030 sec
817 2989 958 3034 .—-43
981 2983 1282 3047 franguntur
1316 2999 1411 3049 pro
1444 2985 1489 3032 si
1517 2983 1760 3047 frangunt
1782 2986 1985 3035 Bonou.
2008 2984 2206 3046 frangit
2232 2984 2458 3032 Florem.
2469 2980 2712 3042 frangant

498 3043 622 3095 Vat.
646 3060 751 3096 sec.
770 3048 898 3114 Reg.
916 3049 1042 3101 Juu.
1063 3064 1165 3100 sec.
1190 3049 1361 3101 Oxou.
1384 3063 1466 3114 pr.
1484 3048 1677 3113 publica
1698 3064 1792 3114 pro
1807 3050 1982 3115 pabula
2006 3050 2237 3100 Florent.
2272 3062 2339 3097 m.
2363 3049 2576 3111 ρι·.-44
2610 3048 2711 3095 vita

1500 3179 1715 3232 NOTAE

565 3294 631 3341 ⁸⁰
664 3290 958 3355 Pflffi‘m‘lue
986 3292 1177 3356 Jorem]
1222 3292 1426 3343 Natura
1459 3294 1564 3344 cla·
1706 3298 1773 3344 42
1808 3295 2038 3344 Erexisse
2059 3293 2220 3359 caput]
2253 3289 2407 3344 Quod
2431 3289 2529 3338 soli
2551 3286 2710 3337 homi·

499 3372 609 3417 mat
639 3367 825 3419 Jovem
857 3381 971 3416 esse
1009 3382 1217 3431 parcum
1250 3374 1408 3433 atque
1443 3384 1563 3420 ava·
1643 3371 1697 3420 ui
1720 3371 1957 3434 contigit,
1972 3370 2212 3434 quodque
2235 3370 2348 3432 eJus
2370 3365 2548 3430 arguit
2565 3364 2708 3416 nobi·

501 3457 615 3493 rum
637 3444 691 3492 in
715 3444 871 3492 tantis
891 3443 995 3494 suis
1011 3443 1225 3507 divitiis,
1258 3445 1439 3509 quibus
1457 3446 1561 3510 pri·
1640 3445 1859 3496 litatem.
1926 3446 2041 3495 Hoc
2060 3444 2385 3508 depromtum
2409 3456 2476 3490 ex
2495 3439 2710 3503 Ovidio,

500 3526 592 3570 vat
622 3521 873 3571 homines.
1641 3523 1730 3587 qui
1766 3523 1878 3572 haee
1917 3521 2090 3572 cauit:
2127 3521 2144 3549 ‘
2176 3520 2251 3570 Os
2272 3518 2466 3567 homiui
2490 3515 2709 3566 sublime

566 3602 629 3648 3⁷
669 3600 877 3649 Horrere
908 3598 1029 3662 situ]
1062 3598 1204 3656 Situs
1239 3605 1321 3646 est
1356 3596 1560 3648 illuvies
1645 3600 1825 3665 dedit}
1847 3604 1945 3650 &c-

502 3674 755 3741 quaedam‚
778 3691 894 3739 quae
919 3672 1086 3724 foedat
1109 3690 1259 3736 agros
1282 3678 1564 3723 cessantes,
1707 3681 1771 3726 43
1804 3677 1953 3740 Avia]
1987 3674 2258 3740 Vagantur
2296 3688 2390 3738 per
2414 3674 2594 3733 saltus,
2626 3685 2710 3719 ne.

566 3754 631 3799 38
664 3750 939 3812 Fructibus]
981 3750 1150 3798 Pomis
1173 3757 1227 3798 et
1249 3745 1499 3813 frugibus.
1644 3768 1789 3804 mora
1811 3754 2034 3817 deserta,
2055 3754 2107 3802 in
2133 3752 2315 3818 quibus
2341 3751 2423 3800 via
2447 3749 2590 3797 nulla
2611 3753 2706 3810 est,

564 3830 631 3878 40
666 3826 917 3888 Nouercae]
953 3827 1170 3886 Natura,
1188 3842 1304 3891 quae
1327 3819 1570 3875 materno
1645 3835 1701 3878 et
1724 3844 1840 3894 quae
1862 3830 1981 3879 ideo
2005 3829 2250 3879 dicuutur
2271 3828 2406 3889 avia,
2432 3826 2579 3890 quasi
2603 3824 2718 3882 siue*

503 3899 696 3951 affectu
729 3902 958 3950 homines
990 3907 1111 3950 aute
1141 3900 1373 3964 fovebat,
1397 3901 1566 3966 queri·
1648 3906 1746 3956 via.

503 3984 592 4036 tur
610 3978 862 4043 quod‚me
878 3977 1119 4040 jubente,
1136 3976 1282 4027 facta
1301 3979 1364 4026 sit
1389 3993 1568 4027 nover-
1714 3982 1990 4033 Communia
2052 3981 2246 4045 pabula]
2310 3980 2544 4030 Glandes
2593 3992 2705 4044 quae

504 4069 586 4116 ca,
607 4070 798 4119 eosque
819 4055 922 4103 alat
946 4055 1236 4119 glandibus,
1259 4071 1385 4120 quos
1409 4056 1564 4117 melle
1645 4064 1765 4108 suut
1807 4059 2053 4109 alimenta
2100 4056 2390 4108 communia
2432 4056 2614 4106 bestiis
2655 4061 2708 4104 et

504 4136 560 4182 et
581 4130 717 4179 lacte
740 4132 957 4181 aluerat.
1645 4136 1947 4184 hominibus.
2709 4131 2714 4138 ‘

568 4211 632 4256 41
685 4210 895 4258 Mentem
928 4208 1134 4258 traxisse
1165 4210 1295 4275 polo]
1339 4210 1458 4261 Hoc
1497 4224 1567 4260 ex
1710 4217 1775 4263 44
1825 4212 2042 4276 Lustris]
2090 4212 2330 4261 Lustrum
2368 4216 2451 4260 est
2486 4207 2718 4278 spatium⁸

506 4284 892 4337 Platonicorum
914 4285 1190 4337 sententia.
1295 4313 1308 4328 ·
1650 4291 1875 4359 quinque
1914 4306 2179 4357 annorum,
2224 4290 2316 4341 sed
2356 4289 2705 4355 significate·

2919 4849 2999 4919 ,Α
