3034 4934
927 373 1224 454 ruerus
1271 385 1634 437 ruoseur.
1685 385 1833 442 ms.
1881 388 1968 438 11.

318 531 580 598 Flebile
608 531 914 597 terrificis
944 532 1194 616 gemuit
1222 533 1588 615 mugitibus
1621 532 1889 599 Henna.

317 636 551 702 Nullis
581 636 700 700 illa
729 643 951 718 tamen
979 638 1314 714 monstriS,
1346 637 1662 720 nulloque
1696 640 1956 701 tenetur

314 737 671 821 Prodigio.
764 737 1063 801 Comites
1094 758 1395 820 gressum
1415 740 1697 824 junxere
1732 757 2017 804 sorores·

317 841 551 906 Prima
575 842 730 906 dolo
759 841 1077 924 gaudenS,
1109 845 1175 905 et
1206 842 1374 905 tanti
1409 841 1659 906 callida
1691 842 1826 906 voti

324 942 394 1008 It
421 944 685 1022 Venus,
711 952 780 1008 et
805 950 1032 1028 raptus
1063 945 1339 1008 metitur
1370 944 1567 1010 corde
1597 945 1882 1023 futurOS,

316 1045 365 1110 J
370 1066 479 1111 am
509 1047 747 1111 durum
777 1048 1038 1111 flexura
1070 1047 1331 1113 Chaos:
1370 1048 1539 1132 jam,
1576 1048 1733 1112 Dite
1766 1049 2072 1127 subacto,

318 1149 588 1233 Ingenti
619 1149 907 1214 famulos
941 1150 1179 1216 Manes
1212 1152 1494 1217 ductura
1525 1153 1885 1238 triumphO.

316 1253 432 1319 Illi
461 1254 825 1320 multifidos
852 1255 1056 1318 crinis
1087 1257 1389 1320 sinuatur
1420 1259 1486 1320 in
1519 1257 1716 1321 orbes

316 1355 540 1421 Idalia
569 1357 826 1423 divisus
856 1379 1022 1424 acu:
1067 1360 1310 1425 sudata
1332 1361 1568 1425 marito

319 1458 567 1525 Fibula
593 1482 964 1546 purpureos
997 1484 1258 1544 gemma
1283 1464 1635 1548 suspendit
1667 1462 1980 1531 amictus.

315 1618 651 1683 tei-flebiliter,
673 1621 800 1670 souis
822 1621 1128 1672 terribilibus,
1199 1622 1373 1673 Tamen
1395 1624 1478 1674 illa
1499 1625 1822 1689 Proserpina
1843 1625 1986 1673 nullis
2020 1624 2257 1673 retinetur
2292 1622 2541 1686 portentis,

312 1691 363 1735 et
380 1687 509 1734 nullo
527 1686 767 1749 prodigio.
835 1689 1030 1736 Sorores
1070 1690 1266 1747 Venus,
1291 1689 1487 1749 Pallas,
1528 1700 1579 1738 et
1627 1691 1817 1751 Diana,
1856 1691 1997 1740 sociae
2033 1691 2373 1750 conjunxerunt
2412 1689 2539 1744 vium

317 1766 481 1801 suam.
550 1751 716 1799 Prima
747 1753 897 1802 Venus
916 1754 1128 1815 gaudeus
1138 1752 1336 1816 fraude,
1359 1760 1405 1804 et
1420 1755 1723 1804 dissimulans
1742 1761 1929 1804 tontum
1950 1756 2231 1804 desiderium
2253 1757 2308 1813 it,
2333 1760 2376 1802 et
2413 1770 2540 1817 prce-

314 1817 462 1865 sumz't
487 1816 715 1865 inanimo
740 1833 828 1866 suo
851 1823 1041 1880 raptum
1074 1818 1319 1880 futurum,
1334 1821 1440 1880 jum
1472 1827 1751 1884 superatura
1775 1820 1952 1881 inferos
1988 1821 2256 1876 indomitos,
2285 1821 2387 1880 Jam
2413 1825 2540 1866 trac-

237 1920 244 1928 .
313 1886 423 1929 tura
446 1882 497 1930 in
521 1883 817 1945 triumphum
837 1884 1068 1931 solennem
1095 1886 1278 1948 Manes,
1310 1894 1368 1935 ut
1391 1901 1546 1935 servos
1583 1902 1719 1946 suos,
1766 1886 1966 1935 Plutone
2000 1886 2138 1933 victo.
2210 1885 2377 1932 Crines
2411 1884 2541 1931 illius

306 1946 537 1996 -Veneris
574 1949 786 2011 separati
824 1964 911 1997 acu
950 1949 1107 1998 Idalia
1139 1955 1420 2014 torquentur
1443 1955 1494 1999 iu
1516 1953 1691 2001 multos
1714 1952 1936 2000 circulos.-
1954 1950 2111 2016 fibula
2144 1965 2356 2012 gemmea
2380 1948 2540 2010 fubri-

1252 2064 1611 2083 “ceored-ecee

313 2132 440 2178 tert.
461 2126 545 2177 ed.
573 2128 747 2177 Parm.
769 2136 826 2177 et
843 2128 1115 2178 vicen-8
1150 2127 1325 2180 Henna
1352 2129 1480 2189 Reg.
1499 2144 1566 2178 m.
1590 2144 1669 2193 pr.
1697 2128 1871 2180 Oxou.
1894 2133 2071 2194 [πη-9
2090 2133 2277 2178 tenetur
2307 2130 2537 2179 Floreut.

317 2208 436 2243 cum
465 2194 648 2255 viginti
671 2194 882 2256 scriptis
923 2193 1089 2243 Codd.
1130 2194 1253 2243 -Ald,
1278 2193 1362 2243 ed.
1400 2195 1575 2244 Parm.
1593 2203 1647 2244 et
1673 2196 1841 2245 Vicet.
1873 2200 2085 2245 movetur
2106 2196 2232 2244 Exc.
2261 2195 2540 2242 Lau-lo

308 2274 508 2320 gressus
526 2261 627 2308 duo
650 2260 796 2309 Vatt.
834 2260 949 2308 Pal.
977 2259 1119 2310 Med.
1146 2275 1223 2322 pr.
1248 2259 1378 2323 Reg.
1403 2260 1577 2310 Oxou.
1597 2266 1805 2324 pr.—-ll
1842 2262 1964 2310 dolis
2007 2260 2179 2309 Oxou.
2204 2275 2306 2308 sec.
2334 2275 2396 2307 m.
2424 2275 2532 2309 sec.

313 2328 451 2374 tanto
474 2326 657 2373 concita
678 2330 784 2373 voto
807 2324 931 2375 Jun.
958 2339 1037 2389 pr.
1063 2325 1236 2376 Oxou.
1259 2340 1364 2374 sec.
1399 2330 1535 2374 tauto
1570 2327 1753 2375 conscia
1798 2331 1903 2374 voto
1945 2334 2054 2375 tres
2093 2326 2239 2374 Vatt.
2277 2325 2394 2373 Pal.
2425 2325 2540 2373 Flo-

315 2397 452 2438 rent.
479 2389 582 2438 duo
603 2390 746 2438 Med.
777 2390 956 2438 Heins.
981 2390 1053 2441 H.
1076 2398 1132 2439 et
1157 2391 1258 2440 inc.
1280 2390 1446 2454 ejusd.
1471 2390 1595 2440 Put.
1631 2393 1763 2455 Reg.
1806 2399 1913 2440 tres
1937 2392 2124 2440 PetaV.
2144 2392 2340 2439 Bonon.
2365 2390 2540 2440 Oxou.

316 2470 396 2519 pr.
417 2455 522 2505 duo
542 2457 694 2504 Voss.
719 2457 845 2504 Exc.
866 2456 1053 2504 PetaV.
1093 2463 1266 2520 quart.
1302 2462 1437 2505 tanto
1459 2458 1640 2506 conscia
1664 2456 1780 2516 sato
1798 2456 1922 2507 Jun.
1952 2472 2058 2505 sec.
2091 2456 2274 2505 conscia
2294 2455 2392 2503 toti
2415 2457 2537 2505 Vat.

317 2521 482 2585 quint.
504 2533 559 2569 et
581 2520 633 2567 d.
668 2522 850 2569 conscia
875 2520 1007 2581 furti
1030 2522 1148 2570 Vat.
1169 2536 1248 2585 pr.
1274 2520 1456 2570 Ambr.
1482 2528 1606 2570 tert.
1633 2523 1762 2571 Cod.
1793 2522 2084 2571 Bartholin.
2125 2521 2207 2569 ed.
2238 2522 2407 2570 Vicet.
2433 2526 2538 2568 cato

314 2601 357 2635 c.
380 2591 489 2634 voto
512 2587 638 2634 Var.
663 2587 766 2634 LL.
793 2601 821 2635 e
846 2600 1010 2650 marg.
1036 2586 1210 2636 Parm.
1230 2586 1365 2635 unde
1388 2592 1526 2635 cauto
1548 2587 1755 2650 legebat
1781 2588 2041 2637 Heinsius,
2075 2590 2209 2634 tauto
2230 2587 2409 2633 conscia
2432 2590 2540 2633 voto

316 2653 399 2699 vel
413 2651 559 2711 furto
581 2652 771 2701 Moret.
796 2666 874 2718 pr.
899 2652 1105 2701 Tholos.
1137 2657 1242 2700 voto
1268 2652 1348 2699 vel
1374 2651 1517 2711 furto
1557 2653 1639 2700 vel
1666 2651 1780 2711 sato
1820 2653 1965 2702 Voss.
2007 2656 2246 2700 sem—12
2283 2651 2540 2699 meditatur

315 2717 441 2766 Vat.
464 2732 546 2780 pr.
571 2717 758 2767 Petav.
779 2722 1015 2766 sem—13
1048 2718 1213 2766 dirum
1237 2719 1368 2779 Reg.
1391 2718 1592 2768 Bouon.
1631 2716 1799 2769 Oxou.
1835 2732 1913 2781 pr.
1951 2717 2100 2766 Voss.
2139 2731 2219 2779 pr.
2253 2717 2384 2767 Jun.
2430 2730 2538 2782 see.

318 2781 650 2846 Anibi-..tert
682 2783 843 2831 divum
868 2782 970 2832 duo
994 2784 1139 2832 Vatt.
1166 2782 1292 2832 Cod.
1315 2782 1603 2833 Bartholin.
1636 2785 1823 2832 demum
1850 2784 1968 2833 Vat.
1990 2798 2069 2847 pr.
2103 2784 2279 2830 dudum
2304 2780 2405 2828 duo
2440 2781 2539 2832 Pe·

319 2853 423 2897 tav.
449 2849 577 2897 Exn.
603 2848 789 2898 Petav.
813 2856 981 2912 quart.
1016 2849 1172 2897 dirum
1197 2849 1280 2896 vel
1302 2850 1468 2897 durum
1488 2848 1523 2900 J
1530 2864 1613 2897 un.
1640 2852 1846 2912 pru—14
1884 2850 2052 2897 Manes
2062 2846 2272 2906 famulos
2295 2847 2406 2894 Pal.
2432 2847 2534 2895 duo

316 2914 465 2962 Med.
501 2914 692 2962 dictura
714 2912 968 2962 Pau—15
1004 2914 1264 2977 multifidos
1287 2914 1389 2962 duo
1433 2914 1575 2963 Vatt.
1613 2916 1911 2963 multimodos
1950 2916 2104 2963 Voss.
2142 2927 2218 2976 pr.
2255 2912 2537 2974 multiplices

318 2985 431 3027 tres
454 2980 602 3028 Vatt.
627 2980 861 3029 Florent.
886 2980 1012 3028 Put.
1036 2979 1266 3028 chartae.
1290 2978 1472 3028 Heius.
1492 2980 1640 3029 Voss.
1664 2995 1770 3028 sec.
1793 2980 1976 3029 Ambr.
1996 2985 2121 3028 tert.
2143 2978 2245 3026 duo
2264 2979 2387 3029 Jun.
2410 2977 2539 3027 Cod.

318 3044 501 3094 Barth.
524 3043 647 3093 Ald.
664 3045 746 3094 ed.
767 3045 942 3094 Parm.
967 3054 1022 3093 et
1039 3046 1211 3095 Vicet.
1225 3044 1442 3094 sinuatur
1456 3046 1604 3095 Voss.
1624 3060 1727 3095 sec.
1751 3046 1879 3095 Exc.
1894 3045 2047 3095 Laeti.
2069 3044 2286 3093 variatur
2306 3045 2432 3093 Vat.
2457 3055 2539 3106 pr.

320 3110 452 3160 Cod.
476 3111 661 3161 Barth.
687 3111 812 3160 Vat.
835 3111 1005 3161 Livin.
1029 3108 1211 3160 Ambr.
1253 3115 1378 3161 tert.
1409 3111 1511 3160 duo
1549 3111 1702 3161 VosS.
1725 3112 1955 3162 chartac.
1983 3110 2165 3160 Heius,
2187 3112 2316 3160 Exc.
2350 3109 2541 3160 Petav-

1324 3217 1539 3268 NOTAE

321 3315 515 3365 malum
572 3316 913 3380 praesagium:
964 3317 1141 3381 januae
1196 3317 1392 3383 quippe
1543 3319 1731 3369 Callida
1752 3319 1873 3382 voti]
1894 3318 1956 3367 ld
1982 3323 2083 3381 est,
2104 3315 2427 3365 dissimulans
2448 3328 2538 3363 vo-

317 3393 401 3441 vel
426 3392 650 3441 stridore
677 3394 757 3442 vel
795 3395 947 3457 pedis
978 3393 1181 3445 offensu
1209 3394 1392 3446 futura
1472 3404 1600 3461 tum,
1634 3400 1718 3447 vel
1755 3400 1925 3447 sciens
1949 3411 2042 3445 sua
2064 3394 2359 3445 desideria:
2396 3390 2537 3455 apud

316 3469 670 3533 pra‘nuntiare
692 3471 1050 3523 credebantur.
1468 3474 1716 3525 Tacitum
1754 3475 1966 3539 legitur,
2005 3475 2019 3501 ‘
2042 3471 2260 3522 callidus
2299 3468 2375 3519 rei
2406 3467 2537 3517 mili·

389 3545 506 3609 Ter]
549 3548 809 3597 Numerus
828 3549 914 3598 ille
939 3550 1161 3599 maxime
1183 3557 1387 3616 speeta—
1468 3551 1634 3603 taris.’

318 3627 404 3673 tus
428 3624 483 3672 in
506 3625 733 3687 auguriis
757 3640 847 3674 seu
875 3627 1159 3690 praesagiis.

384 3704 416 3749 8
451 3701 654 3764 Henna]
680 3732 704 3754 .-
718 3701 825 3751 Alii
849 3704 1030 3768 legunt
1062 3705 1233 3767 AEtna,
1268 3722 1385 3769 quas

316 3790 461 3825 mons
485 3786 567 3827 est
604 3778 816 3842 Siciliae,
856 3787 912 3830 et
951 3783 1096 3832 velut
1133 3782 1387 3845 gemendo

319 3856 526 3920 impulit
546 3858 821 3921 mugitum,
860 3875 952 3909 seu
976 3858 1239 3924 fragorem
1271 3862 1386 3911 hor-

319 3935 574 3984 rendum:
609 3934 662 3984 id
696 3936 832 4000 quod
861 3937 998 3987 inter
1036 3938 1272 4003 prodigia
1294 3955 1386 3988 nu-

304 4011 580 4072 'meratur;
631 4025 749 4059 nam
790 4012 890 4062 hoc
931 4014 1135 4063 insueto
1177 4014 1388 4080 fragore

318 4085 458 4135 bella
481 4088 760 4152 cladesque
780 4090 1025 4151 portendi
1044 4092 1343 4142 creduntur.

382 4167 443 4224 11
483 4166 607 4214 Dolo
640 4166 877 4229 gaudeus]
941 4168 1118 4217 Venus
1164 4176 1246 4218 est
1284 4170 1387 4218 ala·

320 4237 477 4302 orior,
515 4242 748 4304 gaudens
770 4242 946 4293 dolum
976 4243 1073 4295 sibi
1109 4260 1177 4296 ex
1214 4245 1387 4296 animo

319 4315 625 4369 succedere.

1537 3633 1599 3679 12
1655 3629 1889 3692 Metitur]
1953 3627 2219 3685 AEstimat‚
2264 3620 2540 3687 expendit,

1466 3706 1752 3769 praesumit.
1776 3705 2069 3755 Martialis:
2106 3705 2121 3731 ‘
2147 3702 2252 3753 Qui
2275 3716 2365 3750 sua
2386 3697 2539 3749 meti-

1467 3792 1553 3833 tur
1575 3785 1826 3848 pondera‚
1851 3783 1991 3833 ferre
2014 3780 2222 3846 potest.'
2503 3823 2512 3832 .,

1534 3866 1595 3912 13
1632 3862 1845 3912 Flexum
1871 3860 2050 3923 Chaos]
2104 3861 2334 3908 Flexura
2357 3860 2413 3905 et
2448 3855 2540 3905 im·

1467 3939 1686 4002 pulsura
1707 3938 1773 3986 ad
1798 3937 2071 3986 amandum
2094 3936 2235 3984 Deos
2259 3931 2471 3982 inferos.
2509 3969 2514 3976 .

1535 4020 1597 4066 14
1635 4018 1859 4065 Ductura
1890 4011 2151 4077 triumpho]
2205 4011 2324 4061 Hoc
2351 4026 2416 4059 ex
2435 4011 2539 4061 Ro-

1468 4108 1741 4142 manorum
1766 4107 1927 4141 more.

1536 4174 1601 4219 16
1657 4168 1839 4232 Idalia]
1902 4167 2127 4217 Idalium
2165 4171 2249 4215 est
2289 4162 2540 4227 oppidum

1469 4248 1669 4312 Cypri3
1704 4249 1757 4296 in
1785 4262 1886 4312 quo
1927 4244 2236 4294 habitabant
2275 4239 2541 4311 Charites,

1467 4338 1561 4374 seu
1585 4323 1813 4389 Gratiae,
1841 4322 2049 4374 famulae
2090 4318 2327 4370 Veneris.
2376 4313 2539 4367 Idalia
