3034 4934
483 400 617 467 916

486 559 576 626 Et
602 560 847 638 Delon,
878 558 1269 642 Clariosque
1295 557 1513 621 lares:
1563 555 1718 622 hinc
1748 553 2002 621 aemula·
2025 551 2232 632 Iuno,
2285 574 2320 593 ·=
2375 616 2382 625 ‚

488 662 681 727 Hinc·
705 660 934 745 poscit
961 660 1225 726 Latona
1252 677 1511 724 nurum.
1603 657 1940 741 Despexit
1967 661 2317 740 utramque

487 763 703 829 Flava
733 763 942 831 Ceres
966 784 986 843 ς
1028 768 1395 847 raptusque
1424 763 1665 827 timens
1694 758 1859 846 (heu
1891 779 2080 827 coeca
2096 759 2299 825 futuri
2320 756 2373 843 l)

484 864 924 932 Commendat
950 866 1195 931 Siculis
1221 865 1445 931 filrtim
1474 885 1602 930 sua
1620 864 1870 948 gaudia
1893 864 2106 940 terris,

1109 414 1227 464 CL·
1272 411 1708 463 cummim!
1755 409 2055 461 xxxin.
2091 454 2098 461 .

484 1072 624 1133 parte
653 1069 782 1118 me
820 1069 1034 1132 zelotypa
1042 1081 1062 1124 ,⁶
1106 1081 1171 1117 εκ
1204 1066 1288 1116 illa
1327 1066 1515 1116 Mona
1546 1067 1672 1130 petit
1708 1064 1802 1113 sibi
1836 1079 2024 1115 ιιιιηιιιι.
2090 1063 2234 1114 Ceres
2276 1062 2416 1126 flava
2458 1062 2711 1113 ωιιεειιιιίἑ

488 1132 672 1197 amba,
691 1139 740 1183 et
762 1133 933 1183 tumens
954 1147 1012 1183 ne
1032 1130 1142 1181 filia
1161 1137 1430 1197 raperetur,
1465 1131 1592 1197 (heu
1628 1130 1783 1180 nescia
1804 1128 1971 1189 futuri
1992 1128 2113 1178 mali
2127 1126 2167 1195 l)
2193 1129 2326 1235 :lem
2358 1128 2565 1178 monitat
2597 1141 2712 1178 m

1417 1292 1775 1315 NOO‘O‘O‘OOO

487 1405 591 1457 duo
613 1406 799 1457 Petav.
820 1408 951 1461 Exc.
970 1408 1158 1459 Petav.
1180 1413 1352 1474 quart.
1376 1407 1461 1458 ed.
1481 1406 1824 1459 vicet-4136
1846 1407 2045 1471 Paphon
2065 1419 2159 1471 pro
2179 1405 2339 1456 Delon
2359 1405 2492 1455 Exc.
2514 1402 2714 1454 Petav.

526 1478 659 1521 uart.
690 1472 999 1522 liancaemula
1019 1475 1140 1525 Vat.
1200 1475 1494 1525 niun—13⁷
1532 1472 1677 1523 Hanc
1704 1473 1856 1538 poscit
1893 1474 2014 1523 Vat.
2073 1473 2202 1522 nint.
2235 1470 2394 1521 viram
2454 1485 2511 1519 to
2533 1483 2710 1519 nurum

539 1543 676 1586 etav.
711 1552 815 1587 sec.
868 1541 1117 1603 utramque
1203 1545 1339 1588 etav.
1376 1554 1457 1603 pr.
1508 1543 1758 1603 utrumque
1792 1546 2014 1604 quatuor
2097 1542 2195 1587 att.
2239 1542 2298 1586 et
2330 1535 2381 1586 d.
2467 1535 2534 1584 al.
2577 1532 2711 1584 Cod.

485 1601 778 1652 Bartholin.
810 1607 1056 1666 utrumqne
1079 1605 1159 1652 vel
1183 1609 1426 1668 utramque
1445 1604 1571 1652 Vat.
1596 1618 1704 1653 sec.
1743 1604 1893 1654 Voss.
1926 1606 2194 1652 sem—188
2225 1605 2484 1665 raptuque
2505 1598 2713 1649 charta-

486 1679 609 1716 ceus
634 1666 819 1717 Heius.
866 1673 1141 1733 raptumque
1173 1669 1322 1719 Voss.
1363 1684 1443 1733 pr.
1489 1674 1654 1718 teneas
1693 1683 1790 1733 pro
1829 1668 2001 1718 tin-ena
2032 1667 2157 1716 Vat.
2181 1679 2261 1731 pr.
2305 1668 2478 1728 ignara
2501 1678 2596 1729 pro
2616 1664 2711 1713 Ιιειι

484 1745 611 1781 coeca
630 1731 754 1784 vat.
775 1732 940 1798 quint.
963 1748 1022 1782 en
1056 1749 1183 1784 coeca
1218 1734 1402 1784 Petav.
1441 1737 1716 1783 sem—189
1749 1733 2054 1782 Commendat
2077 1733 2274 1781 Moret.
2299 1744 2377 1795 pr.
2433 1729 2728 1779 Comitat-

485 1796 697 1847 rl'liolos.
725 1798 930 1861 pignora
951 1812 1128 1849 omnes
1164 1799 1312 1849 Vatt.
1347 1798 1478 1849 Cod.
1519 1798 1808 1848 Bar-thulin.
1855 1796 2040 1857 gaudia
2075 1797 2263 1848 Peter.
2288 1810 2369 1860 pr.
2393 1794 2542 1844 deest
2580 1799 2709 1845 vero

486 1859 570 1910 hic
593 1874 771 1912 versus
794 1864 848 1911 iu
868 1863 1008 1913 Med.
1032 1879 1111 1928 pr.
1150 1870 1207 1914 et
1245 1865 1425 1914 Heius.
1448 1860 1521 1913 H.
1555 1864 1757 1913 Bonon.
1780 1863 1934 1912 Voss.
1968 1875 2048 1927 pr.
2072 1861 2165 1912 sed
2188 1863 2239 1912 in
2259 1860 2462 1910 Tholas.
2485 1859 2712 1924 margini

487 1927 765 1991 ascriptus.
833 1928 895 1977 In
918 1929 1041 1979 Vat.
1066 1944 1144 1994 pr.
1178 1935 1349 1995 quart.
1375 1937 1429 1979 et
1453 1929 1621 1994 quint.
1644 1935 1700 1978 et
1732 1928 1862 1979 Cod.
1902 1927 2187 1977 Bartholin.
2210 1927 2506 1976 inseruntur
2527 1925 2578 1973 hi
2602 1924 2736 1975 dno.

485 2005 686 2053 versus,
708 1994 724 2021 ‘
749 1991 929 2042 Infidis
944 2000 1120 2044 natam
1144 1995 1340 2044 laribus
1357 1994 1614 2045 commisit
1630 1993 1889 2052 alendam,
1913 1992 2127 2042 AEthera
2148 1991 2382 2042 deseruit
2397 1990 2710 2054 Siculasque

488 2058 675 2121 relegit
698 2059 750 2108 in
771 2057 921 2109 oras.'
957 2060 1046 2124 qui
1068 2060 1225 2109 etiam
1249 2061 1302 2109 in
1325 2061 1406 2109 ed.
1430 2059 1592 2109 Gesn.
1631 2066 1687 2110 et
1721 2059 1807 2109 ed.
1847 2057 2063 2122 Bipont.
2093 2056 2420 2118 exhibentur,
2441 2055 2533 2104 sed
2557 2054 2732 2105 uncis·

489 2120 691 2172 inclusi.
757 2124 1068 2174 InFlorent.
1091 2126 1241 2174 Voss.
1263 2140 1366 2174 sec.
1390 2132 1447 2174 et
1473 2125 1616 2174 Med.
1639 2130 1813 2189 quart.
1870 2123 2042 2188 Infidis
2060 2128 2241 2184 mam,
2262 2124 2345 2184 ξε.
2378 2119 2710 2185 praece‘denti

485 2188 830 2300 graeponitur.
881 2188 944 2237 In
963 2189 1083 2239 Vat.
1120 2190 1282 2253 quint.
1306 2197 1419 2238 erat
1443 2189 1706 2253 Siculisque
1722 2206 1764 2240 r.
1785 2189 1838 2237 in
1875 2190 1972 2237 oris
2010 2196 2066 2238 et
2101 2187 2373 2248 committit,
2397 2184 2536 2262 qnod
2577 2185 2709 2236 cod.

537 2251 780 2301 artholini
818 2254 978 2302 etiam
997 2254 1199 2307 .habet.
1254 2256 1460 2304 AEtnoeis
1497 2269 1594 2319 pro
1625 2250 1810 2321 *Infidis
1846 2253 2045 2304 nolon.
2087 2268 2157 2303 m.
2197 2268 2278 2318 pr.
2326 2250 2507 2301 aarum
2541 2255 2709 2300 natan

485 2315 698 2367 Tbolos.
718 2317 836 2366 Vat.
859 2319 1026 2368 Livin.
1048 2319 1241 2369 Moret.
1264 2334 1345 2382 pr.
1368 2319 1489 2370 Jun.
1511 2334 1618 2369 sec.
1644 2327 1698 2369 et
1724 2333 1805 2383 pr.
1832 2319 1959 2369 Pnt.
1983 2319 2113 2381 Reg.
2144 2318 2329 2368 disaisit
2350 2326 2449 2381 pro
2470 2315 2730 2367 ammisit

487 2378 614 2431 Jun.
633 2395 736 2431 sec.
760 2382 847 2447 qui
867 2380 1238 2433 hic'interserit
1262 2398 1371 2449 seq.
1398 2398 1617 2444 versum,
1648 2386 1664 2412 ‘
1689 2384 1958 2434 Commisit
1978 2384 2164 2434 Siculis
2187 2381 2368 2432 furtim
2401 2396 2494 2432 sua
2518 2379 2724 2444 gaudia.

489 2445 682 2495 terris!
715 2447 930 2496 alendam
949 2448 1180 2498 Florent.
1204 2449 1347 2499 Med.
1367 2464 1471 2500 sec.
1502 2449 1683 2499 ituram
1703 2450 1934 2499 Florem.
1956 2464 2023 2498 m.
2041 2463 2145 2500 sec.
2172 2448 2274 2498 inc.
2297 2447 2478 2497 Heins.
2498 2445 2709 2498 Tholos.

486 2509 665 2561 ituram
687 2513 772 2563 vel
793 2514 1008 2563 wadum
1029 2515 1183 2565 Voss.
1204 2529 1310 2566 sec.
1330 2513 1454 2565 Jun.
1471 2529 1551 2579 pr.
1566 2514 1619 2564 in
1634 2515 1761 2564 Put.
1780 2529 1847 2565 m.
1867 2529 1971 2565 rec.
1990 2514 2250 2579 ascriptus
2271 2519 2385 2564 erat
2405 2512 2489 2563 liic
2505 2525 2708 2562 versus.

1490 2644 1704 2697 NOTAE

483 2754 710 2807 Thracia
746 2756 912 2807 Marti
952 2772 1122 2822 sacra,
1162 2757 1231 2809 ob
1277 2755 1564 2811 barbaram'
1637 2761 1835 2811 tarcho.
1903 2760 2005 2810 Sed
2022 2760 2183 2811 Lares
2203 2758 2290 2810 hic
2311 2761 2586 2808 sumuntur
2609 2730 2728 2822 piot

482 2831 860 2885 immanitatem
887 2836 1135 2899 gentium.

548 2909 776 2974 Amyclas
796 2915 844 2960 et
868 2912 1049 2978 Delon]
1101 2911 1335 2978 Amyclae
1358 2913 1555 2964 suntin

484 2985 867 3051 Peloponneso,
890 2987 1010 3037 urbs
1049 2988 1279 3054 Apollini
1307 3004 1469 3053 sacra,
1488 2990 1555 3039 si-

484 3068 579 3123 eut
605 3071 664 3111 et
688 3062 851 3111 Delos
873 3077 975 3113 una
996 3078 1060 3113 ex
1078 3065 1394 3129 Cycladibus
1414 3067 1553 3116 insu-

482 3138 548 3188 lis
569 3138 623 3187 in
655 3139 783 3187 niati
813 3139 1011 3203 AEgaeo,
1031 3140 1248 3192 Latonae
1272 3143 1552 3207 puerperio

480 3213 711 3277 insignis,
755 3213 882 3264 alias
917 3214 1139 3280 Ortygia
1177 3215 1340 3281 dicta,
1387 3225 1443 3267 et
1480 3218 1548 3268 ab

482 3287 728 3355 Apolline
751 3289 896 3342 facta
918 3292 1213 3346 immobilis.
1278 3295 1434 3346 Delon
1467 3302 1550 3346 est

479 3367 779 3418 terminatio
825 3369 1036 3433 Graeca,
1082 3386 1236 3437 quam
1274 3372 1549 3438 aliquando

480 3443 660 3494 Latini
684 3444 931 3497 retinent.
999 3448 1272 3513 Horatius,
1312 3451 1327 3477 ‘
1350 3450 1550 3500 Lauda·

479 3517 613 3571 bant
648 3520 736 3570 alii
774 3512 967 3573 elai-ain
1009 3523 1231 3576 Rhodon
1263 3532 1355 3576 aut
1385 3527 1547 3591 Mity-

478 3596 669 3648 leuen?

547 3678 643 3724 136
680 3677 956 3741 Clariaeque
994 3677 1140 3741 lares]
1207 3678 1410 3743 Claros,
1453 3695 1547 3731 seu

481 3747 728 3811 Clarium,
772 3761 851 3802 est
892 3754 1014 3804 urbs
1059 3754 1244 3818 Ioniae,
1287 3753 1570 3819 Apollinis.

481 3828 694 3876 oraculo
720 3829 924 3880 nobilis.
990 3831 1151 3880 Lares
1182 3838 1301 3881 sunt
1334 3834 1426 3881 Dii
1465 3848 1548 3882 ur-

478 3900 621 3950 bium
665 3904 937 3969 praesides,
984 3907 1275 3973 aediumque
1321 3907 1547 3971 privata-

479 3990 595 4026 rum
626 3980 900 4041 cnstodes;
952 3996 1080 4046 quos
1119 3981 1327 4032 indutos
1361 3997 1550 4033 cauum

479 4054 703 4118 pellibus
737 4053 1052 4121 effingebant
1073 4058 1290 4122 antiqui,
1310 4057 1545 4109 adhibito

481 4129 552 4183 ad
596 4131 757 4195 pedes
797 4133 1031 4197 ejusdem
1075 4136 1277 4198 generis
1317 4135 1543 4200 animali,

481 4209 620 4277 qnod
644 4210 848 4262 scilicet
867 4213 969 4278 ipsi
997 4215 1156 4264 Lares
1189 4229 1284 4279 pro
1307 4213 1544 4268 domibus

479 4284 821 4365 excubarent,
857 4290 1023 4342 instar
1066 4282 1272 4357 canum,
1309 4306 1376 4342 ex
1421 4293 1568 4359 Plu-2

1636 2836 1753 2901 ipsa
1777 2837 1927 2902 urbe,
1963 2853 2025 2886 ac
2061 2835 2281 2903 proinde
2319 2834 2507 2885 clav-ios
2538 2833 2709 2899 Lares,

1637 2916 1691 2964 id
1714 2922 1814 2979 est,
1836 2914 2014 2966 urbem
2037 2915 2278 2967 Clariam.

1697 2991 1915 3055 AEmula]
1938 2990 2169 3042 AEmulus
2187 2998 2270 3041 est
2288 2990 2521 3056 ejusdem
2545 2988 2706 3042 studii

1631 3074 1879 3131 sectator,
1901 3084 2018 3119 enm
2043 3075 2162 3118 voto
2183 3066 2479 3134 superandi.

1695 3145 1850 3209 June]
1914 3146 2055 3197 Juno
2110 3152 2279 3194 mater
2323 3151 2439 3194 erat
2487 3144 2704 3208 Martis,

1632 3237 1785 3287 quein
1807 3222 1920 3271 sine
1955 3223 2065 3271 viro
2084 3228 2403 3287 conceperat
2425 3222 2478 3270 in
2501 3216 2722 3287 campis'

1630 3299 1846 3363 Oleniis,
1869 3305 2013 3350 tacto
2052 3297 2200 3363 flore,
2219 3314 2373 3365 quem
2409 3298 2567 3350 Flora
2604 3300 2705 3351 Ze-

1629 3375 1780 3440 phyri
1801 3375 1994 3439 conjux
2016 3376 2355 3426 indicaverat.

1695 3457 1789 3502 137
1844 3452 2052 3517 Mona]
2118 3454 2201 3504 Ex
2260 3453 2395 3505 Jove
2454 3452 2702 3521 concepit

1627 3528 1927 3594 Apollinem
1946 3538 2002 3579 et
2023 3531 2264 3581 Dianam.
2362 3592 2366 3597 Ι

1692 3607 1934 3672 Despexit
1955 3607 2228 3671 atramque]
2260 3608 2418 3659 Ceres
2437 3621 2542 3658 non
2556 3614 2722 3658 amat,

1626 3682 1899 3746 Phoebum,
1933 3699 2025 3734 seu
2072 3684 2255 3735 nimios
2299 3685 2534 3746 calores3
2590 3698 2699 3749 nou

1627 3760 1856 3810 Martem
1880 3775 1971 3811 seu
1994 3761 2163 3822 bella3
2214 3759 2307 3812 sed
2347 3775 2552 3825 pacem,
2579 3775 2697 3826 quae

1628 3834 1785 3884 etiam
1806 3851 1921 3885 cum
1947 3836 2092 3901 spica
2123 3837 2454 3902 pingebatur.
2520 3838 2699 3889 'ribul-

1625 3912 1737 3961 lus:
1774 3912 1790 3939 ⁴
1816 3911 2027 3964 Interea
2041 3929 2147 3980 pax
2167 3915 2302 3965 alma
2319 3916 2458 3980 veni,
2472 3915 2699 3981 spicam·

1628 4002 1730 4052 que
1755 3989 1973 4039 teneto!

1692 4068 1804 4139 1⁸8·
1822 4067 1963 4116 Caeca
1988 4064 2177 4130 futuri]
2234 4067 2369 4117 Nam
2408 4066 2599 4121 incidit
2641 4068 2695 4120 in

1624 4141 1977 4191 calamitatem
2000 4158 2154 4208 quam
2174 4141 2432 4208 fugiebat.

1657 4222 1785 4272 ,139
1818 4218 1918 4269 Sua
1934 4222 2138 4286 gaudia]
2186 4221 2527 4273 Commendat
2565 4222 2696 4275 Sici·

1623 4295 1706 4350 11ae
1725 4312 1812 4348 aaa
1827 4299 2027 4367 gaudia,
2043 4298 2140 4351 hoc
2153 4305 2255 4365 est,
2272 4299 2620 4371 tiliamxsuam,
2639 4301 2694 4352 in
