3034 4934
556 325 689 393 816
1184 339 1300 388 on.
1343 337 1772 387 emunim-11
1822 337 1936 386 xx
1950 335 2111 388 vm.

561 483 777 550 Eleeti
805 482 1117 548 candoris
1147 500 1385 567 equos»,
1412 490 1477 547 et
1504 483 1792 548 nominis
1828 501 2055 547 arcum
2627 480 2753 546 370

559 586 607 653 J
611 607 718 652 am
743 587 977 652 molita
1004 587 1127 664 tui,
1156 605 1277 669 per
1306 605 1505 669 quem
1532 586 1832 651 radiante
1856 586 2140 651 decorus

561 689 973 774 Ingrederere
997 694 1173 772 toga,
1203 708 1446 771 pugnae
1475 696 1903 753 monumenta
1927 689 2268 764 dicam,

560 791 925 856 Defensam
954 790 1150 855 titulo
1174 788 1462 873 Libyam
1491 795 1738 855 testata
1766 791 2056 875 perenni.

557 894 846 979 Jamque
871 894 1276 977 parabantur
1304 913 1573 978 pompae
1604 895 1968 960 simulacra
1989 893 2230 960 futurae

556 998 850 1083 Tarpeio
879 996 1243 1081 spectanda
1267 995 1313 1059 J
1316 996 1452 1074 ovi,
1481 997 1727 1062 coelata
1753 996 2024 1061 metallo
2628 991 2756 1061 375

562 1100 815 1167 Classis
842 1106 916 1165 ut
944 1104 1248 1165 auratum
1279 1100 1570 1167 sulcaret
1596 1101 1842 1183 remige
1869 1100 2172 1179 fluctum,

561 1204 658 1270 Ut
689 1204 997 1289 Massyla
1025 1209 1177 1268 tuos
1207 1204 1524 1268 anteirent
1551 1204 1805 1288 oppida
1834 1222 2088 1282 currus»,

560 1306 998 1392 Palladiaque
1025 1325 1257 1371 comas
1285 1306 1569 1370 innexus
1602 1306 1920 1370 arundine
1947 1305 2183 1370 Triton

560 1408 889 1474 Edomitis
917 1410 1260 1476 veheretur
1287 1409 1502 1491 aquiS‚
1534 1408 1694 1471 etin
1724 1428 1856 1473 aere
1882 1412 2258 1472 trementem

561 1511 932 1578 Succinctae
957 1510 1276 1577 famulum
1304 1510 1548 1577 ferrent
1578 1509 1850 1576 Atlanta
1877 1511 2200 1576 cohortes,
2625 1506 2757 1573 380

558 1722 744 1786 eximii,
760 1721 927 1785 quibus
939 1721 1182 1771 sublimior
1212 1721 1458 1782 vehet-eris,
1479 1727 1528 1772 et
1572 1722 1684 1785 ipsa
1706 1735 1803 1785 ego
1832 1720 1942 1782 jam
1973 1720 2165 1781 faciens
2198 1734 2359 1769 ανοιιιιι
2388 1714 2758 1780 triumphalem

557 1794 790 1837 ornatum
813 1793 892 1836 tuo
922 1787 1123 1847 nomine,
1156 1802 1243 1851 per
1262 1802 1398 1849 quem
1419 1801 1592 1836 arcum
1615 1792 1668 1836 tu
1688 1787 1955 1851 splendidus
1988 1787 2214 1847 intrares,
2244 1788 2371 1834 veste
2391 1782 2631 1846 fulgente,
2649 1797 2761 1831 eon-

554 1852 789 1902 secrabam
809 1857 1104 1901 monumenta
1143 1852 1298 1915 proelii
1316 1851 1584 1901 indicatura
1614 1852 1917 1915 inscriptione
1955 1865 2049 1900 sua
2091 1855 2268 1900 oeterna
2300 1848 2500 1912 Libyam
2520 1861 2763 1896 conseram

557 1922 672 1967 tam.
739 1920 807 1966 Et
827 1919 932 1978 J'am
964 1917 1196 1979 imagines
1233 1932 1417 1981 pompoe
1449 1922 1659 1966 ventura»
1688 1917 1968 1980 aspiciendoe
2006 1916 2120 1965 Javi
2159 1915 2358 1978 Tarpeio
2378 1910 2761 1976 apparabantur.-

557 1983 720 2032 classis
738 1983 970 2045 insculpta
1008 1983 1191 2031 metallo
1230 1981 1373 2031 fulvo
1411 1982 1715 2045 parabatur,
1736 1988 1789 2031 ut
1824 1996 1940 2030 cum
1977 1979 2233 2043 remigibus
2261 1979 2472 2044 finderet
2494 1991 2638 2040 aquas
2674 1991 2761 2028 au·

554 2062 677 2108 reas,
696 2053 750 2096 ut
772 2048 1018 2111 imagines
1039 2045 1222 2096 urbium
1246 2047 1561 2111 Massylarum
1595 2049 1912 2111 praecederent
1935 2060 2124 2095 currum
2155 2050 2287 2094 tuum
2310 2042 2687 2106 triumphalem,
2710 2046 2760 2091 et

530 2137 537 2140 Ἰ
559 2119 618 2162 ut
644 2112 808 2161 Triton
827 2111 1019 2161 habens
1051 2111 1202 2161 crines
1223 2123 1368 2161 nexos
1388 2113 1617 2161 arundine
1643 2111 1879 2173 Palladia,
1897 2110 2114 2170 ferretur
2130 2108 2363 2186 ²fluctibus
2383 2107 2592 2169 domitis,
2613 2110 2658 2155 et
2683 2122 2764 2155 ca-

556 2181 702 2227 tervoe
721 2179 955 2242 expeditoe
986 2181 1227 2239 gestarent
1249 2178 1498 2227 Atlantem
1517 2177 1751 2242 captivum
1789 2175 2102 2239 trepidantem
2122 2189 2175 2224 ιιι
2210 2189 2321 2224 aere.
2388 2172 2461 2222 Ut
2482 2172 2582 2236 ipse
2616 2172 2762 2222 Atlas

1479 2307 1536 2326 Ν
1543 2307 1832 2327 “OOOOOOOOO

562 2401 745 2453 Petav.
768 2418 845 2468 pr.
884 2404 1077 2453 Moret.
1121 2409 1363 2468 pre—3⁷0
1399 2405 1583 2456 Electri
1607 2406 1728 2456 Vat.
1752 2421 1829 2470 pr.
1851 2421 1919 2457 m.
1942 2420 2022 2470 pr.
2045 2405 2250 2458 Bonan.
2274 2403 2464 2452 Petav.
2485 2404 2609 2450 tert.
2664 2399 2758 2448 Ce-

559 2468 690 2517 lestis
708 2469 853 2518 Med.
876 2473 1158 2519 ωτι-371
1189 2485 1278 2533 per
1310 2473 1431 2533 quod
1454 2472 1648 2521 Moret.
1675 2486 1751 2534 pr.
1803 2476 1909 2536 past
1931 2486 2063 2534 quem
2087 2469 2228 2520 Prie.
2262 2483 2398 2532 quam
2420 2466 2542 2515 Put.
2567 2465 2757 2513 Petav.

560 2549 666 2584 sec.
697 2535 888 2583 radiata
907 2534 1053 2585 Med.
1078 2539 1365 2591 terte—372
1400 2537 1673 2599 Ingrediare
1691 2539 1815 2586 Vat.
1837 2543 2008 2601 quart.
2040 2534 2255 2584 docebam
2278 2547 2371 2596 pro
2391 2529 2603 2581 dicabam
2625 2529 2758 2578 Exc.

561 2599 780 2649 Lucens.
804 2613 906 2649 sec.
934 2599 1160 2664 parabam
1198 2601 1388 2650 Moret.
1430 2605 1673 2665 pia—3⁷8
1707 2600 1907 2666 Libyam
1928 2602 2068 2651 titulo
2105 2599 2221 2649 Pal.
2259 2597 2402 2647 Med.
2426 2610 2503 2659 pr.
2550 2597 2759 2642 testante

559 2663 702 2714 Med.
724 2679 830 2714 see.
855 2665 956 2714 ine.
979 2665 1160 2715 Heius.
1189 2681 1272 2729 per
1294 2681 1441 2715 a’vum
1464 2681 1557 2729 pro
1572 2668 1767 2730 perenni
1784 2667 1930 2716 Rott.
1954 2666 2149 2715 Moret.
2175 2666 2419 2727 pn-su
2437 2674 2612 2723 pugnoe
2631 2659 2756 2708 Put.

558 2733 717 2778 ——375
751 2732 1002 2792 spectanda
1024 2729 1203 2782 Ambr.
1232 2745 1306 2793 pr.
1359 2736 1570 2795 suspecta
1591 2732 1711 2781 [ιον.
1744 2737 1955 2793 spectata
1975 2732 2097 2780 Vat.
2122 2743 2228 2778 see.
2250 2727 2391 2777 Prie.
2430 2726 2581 2774 Farn.
2606 2724 2756 2772 Rott.

559 2793 704 2843 Med.
747 2810 821 2857 pr.
859 2795 961 2844 inc.
991 2794 1170 2844 Heius.
1213 2795 1398 2844 Petav.
1423 2809 1528 2845 see.
1570 2797 1771 2845 Bonon.
1795 2797 1915 2845 Pat.
1936 2796 2140 2845 Tlnolos.
2163 2795 2358 2844 Moret.
2382 2804 2482 2840 sec.
2533 2788 2757 2837 simulata

562 2857 733 2907 Oxon.
757 2873 862 2907 sec.
894 2861 1143 2909 simulacra
1163 2861 1286 2911 Jun.
1313 2864 1559 2923 pr.—3⁷6
1591 2865 1636 2908 et
1658 2865 1847 2914 auratas
1868 2862 1990 2911 Vat.
2028 2866 2195 2925 quart.
2227 2861 2394 2907 aurato
2412 2855 2608 2903 Thuan.
2647 2851 2757 2919 fus-
2807 2883 2812 2888 -

559 2927 688 2972 earet
712 2937 802 2985 pro
825 2926 1025 2972 sulcaret
1047 2925 1170 2974 Vat.
1193 2939 1296 2975 sec.
1350 2929 1570 2974 auratum
1586 2931 1785 2988 pontum
1807 2926 1953 2975 Med.
1979 2940 2083 2975 sec.
2119 2928 2341 2973 auratum
2373 2922 2551 2970 sulcum
2574 2915 2758 2966 Ambr.

561 2991 681 3035 tert.
712 2992 929 3043 auratum
954 2987 1159 3050 fluctum
1182 2988 1283 3038 duo
1307 2989 1488 3039 Leidd.
1512 2997 1569 3039 et
1608 2992 1723 3052 plus
1765 3006 1912 3054 qnam
1939 2990 2149 3053 triginta
2172 2986 2336 3038 Codd.
2371 2986 2497 3034 Exe.
2537 2982 2754 3032 Gevart.

561 3051 781 3100 Lucens.
802 3067 879 3115 pr.
897 3054 1098 3102 Schott.
1124 3055 1244 3103 Var.
1270 3054 1373 3103 LL.
1398 3053 1480 3104 ed.
1503 3053 1666 3105 Antv.
1703 3060 1871 3104 aurata
1896 3055 2077 3119 fluctus
2094 3053 2254 3103 Gesn.
2294 3058 2348 3101 et
2370 3050 2452 3099 ed.
2474 3048 2756 3111 Bipont.—-

558 3118 653 3164 877
678 3121 916 3165 armarent
935 3131 1026 3180 pro
1044 3118 1276 3167 anteirent
1299 3119 1445 3168 Med.
1471 3126 1643 3183 quart.
1677 3120 1907 3169 ambirent
1926 3120 1958 3171 J
1964 3135 2047 3169 un.
2073 3133 2152 3182 pr.
2177 3116 2349 3166 Oxou.
2374 3115 2646 3164 sem—378
2677 3111 2756 3160 Ta·-

555 3179 661 3240 gris
683 3194 776 3243 pro
820 3181 986 3229 Triton
1010 3181 1172 3231 Oisel.
1195 3198 1263 3231 m.
1288 3186 1556 3233 sem—379
1592 3185 1838 3234 Edomitus
1861 3185 2029 3234 Oxon.
2049 3195 2155 3232 sec.
2223 3183 2290 3230 Ee
2313 3179 2507 3229 domitis
2527 3175 2650 3225 Vat.
2674 3189 2753 3239 pr.

557 3244 834 3293 veherentur
857 3246 1039 3295 Petav.
1062 3261 1169 3296 sec.
1203 3248 1330 3311 equis
1350 3249 1475 3298 Vat.
1500 3263 1602 3298 see.
1625 3249 1757 3313 aquis
1777 3250 1895 3297 Vat.
1918 3249 2084 3298 Livin.
2109 3259 2226 3296 cum
2247 3242 2616 3308 septemdecim
2640 3241 2758 3289 aliis

558 3323 652 3357 oere
694 3311 914 3359 trementi
949 3312 1075 3361 LoV.
1119 3326 1184 3360 ex
1223 3312 1599 3362 emendatione.
1669 3314 1913 3363 Heinsius
1954 3314 2006 3362 in
2043 3311 2259 3362 Schedis
2299 3312 2574 3359 notaverat
2611 3319 2756 3370 seqq.

559 3376 574 3400 ‘
599 3372 910 3426 concinnius
933 3383 987 3424 et
1009 3377 1210 3426 acutius
1230 3378 1351 3440 erit,
1371 3378 1412 3426 si
1449 3378 1593 3441 legas
1629 3377 1679 3427 in
1701 3393 1794 3427 oere
1831 3378 2048 3428 trementi
2067 3394 2085 3427 .-
2119 3374 2343 3439 alioquin
2366 3373 2467 3422 duo
2495 3370 2755 3435 adjectiva

559 3446 887 3490 concurrent.
926 3441 1070 3505 quasi
1089 3441 1248 3506 dicat,
1270 3457 1341 3492 aes
1363 3442 1547 3506 spirare
1568 3457 1629 3492 ac
1652 3442 2042 3493 cremares—380
2062 3440 2300 3502 famulum
2316 3436 2545 3499 inferrent
2570 3434 2754 3487 Ambr.

621 3684 718 3731 370
750 3681 952 3745 Arcum]
985 3682 1334 3747 Triumphalis
1355 3688 1409 3732 et
1429 3684 1618 3733 Currus
1696 3690 1781 3735 tur
1821 3685 2074 3749 ejusmodi
2114 3687 2467 3744 monuments,
2503 3693 2655 3742 auro,
2677 3692 2752 3728 ar·

559 3762 615 3806 et
635 3756 802 3806 Arcus
828 3758 1059 3808 Honorio
1078 3759 1383 3810 destinatus.
1699 3769 1875 3827 gemo,
1898 3779 2022 3829 aere,
2042 3764 2175 3814 citro
2196 3761 2323 3812 fieta
2339 3759 2427 3810 ‘vel
2445 3758 2655 3809 eoelata.

589 3836 714 3905 ,371
773 3833 1009 3883 Radiante
1051 3835 1187 3898 toga]
1266 3835 1474 3886 Trabea
1527 3850 1626 3886 seu.
1762 3843 1858 3889 3⁷8
1893 3840 2162 3904 Amedine]
2212 3838 2369 3888 Oliva
2406 3832 2645 3885 arundini
2682 3832 2753 3880 in·

556 3915 705 3970 veste
724 3908 995 3959 Consulari
1012 3926 1137 3960 auro
1156 3912 1377 3963 intexta.
1696 3929 1865 3968 nexa:
1902 3917 2037 3966 oliva
2060 3923 2231 3967 antem
2253 3928 2400 3965 sacra
2421 3919 2505 3963 est
2535 3909 2753 3960 Palladi.

623 3988 718 4034 377
752 3985 1004 4034 Anteirent
1024 3987 1215 4050 oppida]
1257 3989 1471 4052 Species
1492 3990 1615 4040 ima-
1768 3994 1959 4057 Triton]
2009 3994 2217 4045 Fluvius
2252 3991 2470 4054 Afrum,
2522 3995 2580 4038 et
2608 3987 2750 4052 palus

559 4060 805 4128 ginesqne
829 4062 1077 4112 montium
1100 4064 1406 4130 urbiumque
1439 4073 1617 4130 capta·
1695 4068 1786 4122 ubi
1807 4078 1928 4119 nata
1951 4070 2142 4120 Pallas.

556 4151 669 4186 rum
707 4135 1151 4188 transferebantur
1206 4141 1260 4189 in
1305 4142 1617 4205 Capitolium
1761 4148 1860 4194 879
1894 4147 2131 4195 Edamitis
2168 4144 2324 4209 aquis]
2371 4142 2422 4195 A
2466 4140 2764 4200 Stilichone:

557 4225 745 4278 pompa
776 4212 1091 4283 triumphali,
1106 4222 1162 4268 et
1196 4216 1273 4268 ibi
1307 4217 1618 4271 dedicaban-
1696 4221 1854 4274 victis
1870 4222 1964 4274 sub
1985 4222 2227 4289 auspiciis
2242 4218 2483 4274 Honorii.
2563 4251 2569 4262 ·
