3034 4934
505 384 692 456 1248.

572 548 669 597 1⁹8
694 542 1467 610 orbisquerhisu1Dtvttismm
1484 553 1581 592 ex··

504 623 769 674 suctiones
814 629 870 671 et
919 622 1345 672 conturbationes
1392 635 1570 684 opum,

504 697 645 750 unde
655 699 982 749 conturbare
1000 711 1203 762 quoqne
1217 698 1460 747 dicuntur
1480 696 1570 761 qui

503 773 653 825 bonis
674 773 999 823 exciderunt.
1033 773 1210 823 Barth.

573 849 808 913 Orbisque
822 848 1011 912 ruinas]
1045 849 1234 912 Isiugr.
1252 855 1309 899 et
1324 848 1569 899 Patavin.

502 926 727 991 rapinas:
761 924 1039 986 recu-,uisi
1058 924 1247 975 mnam
1262 925 1439 975 mavis.
1459 924 1571 976 Pro

503 1005 670 1056 &m
690 1004 849 1053 etiam
879 1017 1044 1052 num
1062 1008 1284 1067 quatuor
1304 1003 1425 1053 alii:
1461 1004 1570 1068 pla·

504 1085 614 1131 cett
629 1079 719 1129 lib.
742 1094 783 1128 1.
807 1081 859 1130 iu
887 1078 1108 1141 Eutrop.
1140 1079 1156 1107 ‘
1175 1092 1310 1128 nunc
1332 1077 1571 1129 uberiore

504 1156 698 1224 rapina¹
726 1155 926 1206 Peceat
961 1154 1014 1204 in
1053 1154 1181 1204 orbe
1229 1154 1442 1206 manus?
1496 1156 1569 1206 D.

506 1233 682 1283 Heius.
1433 1243 1444 1256 ·

523 1339 532 1348 -
572 1312 668 1359 1⁹⁴
699 1309 892 1375 Accipit
913 1325 1009 1360 aaa
1035 1309 1222 1373 domus]
1268 1306 1442 1359 Rufini
1480 1306 1570 1357 do-

504 1400 621 1436 mus
641 1392 754 1436 erat
775 1386 923 1450 quasi
941 1387 1188 1449 spelunca
1209 1384 1486 1436 latrocinii.

570 1463 746 1527 Populi
765 1463 943 1513 servire
963 1461 1137 1525 emti]
1171 1463 1424 1511 venditos
1458 1460 1570 1509 vult

502 1540 708 1606 pretio;
743 1553 924 1610 parum
964 1539 1191 1590 sollicito
1222 1534 1410 1587 Rufino
1443 1551 1570 1600 qno·

502 1617 657 1665 modo
701 1615 981 1679 provincias
1035 1621 1360 1677 regerentur,
1413 1613 1569 1663 modo

501 1691 726 1756 pretium
743 1706 775 1740 a
790 1690 1106 1740 Praesidibus
1122 1698 1241 1740 ante
1258 1691 1568 1754 ingressum,

502 1774 721 1833 postque
754 1767 1274 1827 administrationem,
1310 1773 1365 1816 et
1396 1766 1450 1815 in
1486 1780 1569 1830 ea,

502 1845 696 1908 grande
719 1843 784 1893 ad
815 1859 871 1894 se
906 1844 1120 1895 rediret.
1183 1841 1302 1893 Hbc
1334 1857 1457 1894 vere
1488 1849 1570 1894 est

502 1919 786 1984 deglubere
809 1933 950 1970 oves.
982 1920 1159 1970 Barth.

569 2002 663 2048 19⁷
702 1996 962 2060 Oceanum]
1013 1996 1228 2047 Limites
1265 1997 1357 2048 bos
1391 1995 1568 2047 crede-

499 2075 628 2126 bant
648 2077 736 2134 τῆς
755 2072 1039 2139 οἴκονμένης,
1070 2082 1174 2125 tam
1198 2075 1364 2140 inepti
1388 2076 1570 2126 talium

499 2165 673 2201 rerum
729 2151 1078 2216 indagatione,
1133 2157 1191 2200 ut
1243 2150 1569 2202 Britanniam

500 2241 620 2291 quae
644 2242 710 2276 ex
730 2227 914 2278 Gallias
938 2227 1172 2280 confiniis
1195 2228 1427 2293 conspici
1443 2228 1567 2278 emi·

500 2316 599 2353 nus
634 2304 886 2366 potuerit,
916 2304 1069 2353 alium
1103 2304 1279 2354 orbem
1316 2305 1565 2369 putarint.

497 2376 692 2443 Itaque
713 2378 983 2430 Oceanum
1000 2380 1336 2444 navigaturos
1345 2381 1458 2445 jam
1476 2382 1567 2432 So-

497 2453 605 2505 lem
648 2455 956 2520 relinquere,
994 2464 1050 2506 et
1089 2457 1139 2506 in
1183 2458 1415 2507 Deorum
1460 2472 1567 2508 non

497 2529 758 2582 homiuum
782 2531 932 2582 sedes
965 2532 1041 2581 ire
1074 2532 1333 2583 dicebant.
1390 2531 1566 2584 Pedo.

497 2606 688 2673 Itaque
711 2608 775 2658 ad
801 2609 1070 2660 Oceanum
1094 2610 1290 2675 venire,
1309 2617 1423 2660 erat
1443 2610 1569 2660 ulti·

496 2698 609 2735 mas
627 2687 716 2744 τῆς
736 2684 1004 2747 οἰκουμένης
1026 2701 1141 2737 oras
1164 2696 1361 2750 tenere,
1388 2703 1490 2754 quo
1510 2694 1569 2738 et

497 2760 736 2814 fabulosa
757 2779 977 2831 quaeque
1001 2766 1419 2816 removebantur.

564 2839 757 2890 Rutilos
795 2840 885 2890 tibi
928 2841 1107 2906 Lydia]
1160 2843 1248 2893 Ob
1289 2844 1567 2894 Pactolum

496 2913 796 2980 Χρωόῤῥοαν
851 2918 1282 2981 cognominatum.
1370 2919 1568 2969 Similia

497 2999 578 3046 lv,
613 2992 766 3056 Cous.
805 2994 944 3043 Hon.
988 2996 1004 3022 ‘
1029 2995 1109 3043 Tu
1149 2996 1270 3046 licet
1306 3002 1566 3046 extremos

496 3066 607 3116 late
629 3068 896 3130 dominere
921 3084 1014 3134 per
1051 3072 1228 3134 Indos,
1264 3075 1337 3123 Te
1361 3073 1570 3137 Medus,

496 3147 555 3189 te
577 3143 745 3192 mollis
766 3143 954 3207 Arabs,
991 3152 1044 3195 te
1064 3148 1215 3196 Seres
1239 3149 1477 3211 adorent,
1511 3151 1567 3201 Si

496 3218 776 3281 meulisrsi
795 3235 957 3285 prava
978 3224 1146 3286 cupis,
1173 3225 1214 3273 si
1240 3225 1442 3282 duceris
1468 3230 1565 3292 ira,

498 3291 710 3348 Servitii
735 3298 933 3360 patiere
945 3298 1164 3363 jugum,'
1186 3305 1283 3351 stc.
1324 3304 1500 3355 Barth.

533 3378 663 3424 -198
687 3378 915 3442 *Cyrique
956 3378 1109 3442 tiara]
1158 3379 1358 3445 Scripti
1400 3385 1566 3433 solium

502 3450 622 3515 Cyri
645 3451 886 3518 Croesimae
920 3455 1068 3517 tiara,
1100 3458 1183 3507 vel
1219 3458 1392 3509 tinroe:
1438 3461 1566 3510 nihil

498 3535 662 3591 muto,
699 3530 797 3579 nisi
824 3532 959 3596 quod
982 3536 1134 3582 tiaras
1155 3537 1326 3585 malim
1348 3556 1361 3586 :
1402 3545 1462 3588 ut
1483 3552 1565 3589 lv.

499 3604 655 3664 Cons-
673 3607 833 3666 2Hon.
862 3609 879 3636 ‘
909 3610 1164 3661 Barbarus
1202 3612 1420 3664 Arsacio
1443 3629 1566 3664 con-

499 3689 737 3746 surgeret
760 3699 849 3734 ore
875 3685 1364 3752 tiara3.’Vulga{am
1386 3690 1438 3739 in
1463 3706 1566 3740 cae-

500 3746 628 3808 teris
664 3759 973 3823 scripturam
1003 3764 1127 3828 jure
1159 3766 1401 3817 Barthius
1434 3783 1567 3833 prae·

499 3831 626 3883 fert.
661 3835 727 3884 D.
754 3836 926 3886 Heius.
1193 3853 1200 3864 '

567 3913 666 3959 199
699 3911 951 3976 Nunquam
973 3917 1102 3968 dives
1130 3919 1247 3983 eris]
1280 3920 1472 3972 Pulcre
1495 3936 1564 3972 ex

503 3983 699 4036 Rutilio
723 3989 890 4053 Lupo,
928 3991 1020 4041 lib.
1045 4007 1107 4043 11.
1172 3995 1187 4022 ‘
1217 3996 1562 4061 Nequaquam

499 4062 626 4122 mihi
649 4065 794 4115 dives
817 4073 918 4130 cst,
949 4071 1182 4133 quamvis
1215 4073 1379 4121 multa
1402 4074 1585 4137 possi··

500 4137 647 4203 deat,
668 4143 754 4206 qui
780 4158 950 4207 neque
965 4144 1116 4195 finem
1134 4148 1292 4198 babet
1315 4150 1585 4214 cupiendi

497 4227 670 4278 neque
691 4218 895 4269 medum
931 4223 1117 4273 statuit
1153 4223 1350 4282 utendi.
1422 4226 1562 4277 Nam

500 4295 558 4341 et
578 4291 789 4344 multum
808 4295 1107 4350 desiderare
1129 4308 1212 4351 est
1234 4302 1439 4366 egentis
1455 4303 1563 4368 sig·

881 400 1102 452 1⁴01·AE
1143 396 1551 454 vammum
1599 399 1682 449 IN
1729 397 1848 448 01..
1892 397 2170 449 GLAUD.
2217 399 2334 450 111.

1643 555 1784 608 num,
1821 548 1879 593 et
1915 542 2044 593 nihil
2084 555 2303 608 parcere
2335 539 2588 607 egestatis
2629 549 2735 596 est
2812 525 2821 532 ’

1643 619 1881 670 initium.’
1969 619 2109 670 Hinc
2143 619 2333 670 Horat.
2373 626 2521 670 recte
2562 620 2727 683 dicit,

1641 696 1737 747 lib.
1774 709 1862 747 ιιι.
1913 698 2000 747 od.
2039 698 2092 747 9.
2148 698 2166 725 ⁴
2189 697 2308 745 Nou
2348 693 2735 765 possidentem*

1642 773 1806 823 multa
1828 775 2097 826 vocaveris
2121 775 2285 824 Recte
2310 773 2518 830 beatum
2538 790 2552 822 ε
2601 786 2722 822 rec-

1644 848 1749 898 tius
1771 858 1995 913 occupat
2029 849 2234 901 Nomen
2260 849 2418 912 beati,
2458 848 2548 914 qui
2590 848 2725 901 deo-

1644 938 1754 974 rum
1773 925 2078 976 Muneribus
2094 925 2359 990 sapienter
2375 924 2476 985 nti,
2492 925 2734 976 Duram·.

1644 1015 1745 1067 que
1767 1001 1925 1051 callet
1946 1002 2246 1067 pauperiem
2270 1001 2402 1066 pati,
2440 998 2735 1067 Pejusqu'e‘

1642 1076 1786 1128 letho
1806 1075 2058 1140 flagitium
2081 1077 2265 1141 timet,’
2284 1082 2384 1134 &m
2416 1077 2600 1129 Barth.

1707 1156 1806 1202 2⁰⁰
1855 1152 2049 1217 Semper
2083 1152 2220 1217 ὄιον·
2259 1152 2519 1217 quiem-e
2554 1151 2719 1220 cupae]

1642 1228 1716 1278 Et
1751 1229 1863 1279 haec
1898 1229 2140 1279 traducta
2175 1230 2416 1280 videntur
2449 1229 2624 1279 omnia
2644 1244 2733 1280 ex-

1643 1304 1829 1354 divinis
1866 1306 2070 1355 monitis
2104 1306 2339 1370 Senecae,
2379 1305 2545 1370 Epist.
2584 1315 2735 1357 xv1.·

1643 1382 1660 1411 ‘
1686 1380 1771 1432 Ab
1796 1383 2021 1446 Epicuro
2043 1383 2240 1435 dictum
2275 1390 2392 1434 est:
2428 1383 2483 1433 Si
2513 1383 2583 1433 ad
2621 1398 2716 1434 na·

1644 1465 1814 1511 turam
1849 1460 2008 1521 vives,
2044 1475 2306 1527 nunquam
2334 1461 2436 1510 eris
2473 1475 2678 1526 pauper
2693 1467 2729 1522 ς’

1642 1537 1684 1585 si
1708 1536 1775 1587 ad
1792 1536 2103 1601 opinionem,
2116 1552 2376 1604 nunquam
2389 1538 2551 1592 dives.
2584 1538 2716 1590 Esi-

1645 1628 1800 1679 guum
1844 1621 2030 1665 natura
2069 1614 2349 1678 desiderat,
2400 1614 2578 1679 opinio
2617 1616 2734 1666 im·-

1644 1690 1909 1755 mensum‚’
1931 1694 2033 1741 ἅτε.
2082 1691 2337 1756 Apuleius
2356 1690 2581 1756 Apolog.
2615 1694 2632 1721 ‘
2656 1692 2712 1742 Is'

1645 1767 1920 1835 plurimum
1942 1769 2158 1820 habebit
2180 1771 2270 1835 qui
2289 1769 2552 1819 minimum
2576 1765 2715 1824 dess-

1645 1843 1850 1893 derabit
1864 1844 2101 1904 ;habebit
2119 1844 2256 1894 enim
2278 1851 2529 1910 quantum
2546 1846 2729 1908 volet,'

1644 1919 1731 1983 qui
1756 1920 1896 1970 volet
1919 1918 2216 1969 minimum!
2248 1920 2397 1972 Idem.
2724 1965 2731 1972 .

1707 1998 1802 2045 201
1852 1995 2098 2046 Fabi-iiius
2136 1996 2307 2061 parvo]
2369 1999 2613 2048 Lucanus
2652 1999 2712 2050 li·

1644 2070 1739 2120 bro
1766 2084 1820 2122 x.
1864 2074 1881 2099 ‘
1905 2071 2050 2123 Pone
2082 2072 2244 2123 duces
2281 2074 2481 2138 priscos
2522 2081 2578 2124 et
2618 2091 2729 2125 nu·-

1642 2148 1783 2197 mina
1806 2149 2051 2214 pauperis
2072 2151 2170 2200 aevi
2193 2149 2472 2215 Fabritios,
2501 2152 2714 2202 Curios-

1644 2238 1744 2289 que
1768 2239 1968 2288 grares,
2002 2226 2087 2276 hic
2120 2226 2207 2275 ille
2242 2227 2514 2276 recumbat
2534 2226 2713 2282 Sordi-

1644 2299 1743 2350 dus
1780 2300 2052 2351 Hetruscis
2089 2302 2342 2353 abductns
2365 2303 2561 2352 Consul
2599 2315 2729 2357 ara-2

1644 2376 1775 2426 tris.'
1832 2377 1974 2428 Quos
1992 2388 2098 2428 tres
2118 2380 2228 2442 ejus
2246 2378 2539 2429 imitatione
2559 2375 2731 2432 Clam.

1643 2458 1822 2509 dianus
1846 2460 1943 2509 hoc
1966 2461 2079 2511 loco
2101 2461 2338 2524 protulit.
2722 2471 2731 2478 ‘

1708 2535 1914 2584 Munera
1934 2537 2139 2601 Regum]
2170 2538 2509 2602 Qua-cunque
2547 2553 2579 2587 a
2608 2538 2710 2589 Re-

1644 2611 1795 2675 gibus
1811 2612 1923 2664 dari
1941 2619 2203 2679 poterant,
2214 2629 2315 2664 non
2331 2605 2493 2664 siilum
2514 2616 2713 2679 Pyrrhi

1643 2689 1798 2754 illius,
1818 2691 1907 2740 sed
1931 2692 2177 2757 quicquid
2201 2692 2360 2757 regali
2384 2693 2584 2744 ambitu
2607 2709 2715 2743 mo·

1643 2781 1754 2817 rum
1800 2769 1994 2831 regulae
2047 2783 2236 2819 nocere
2280 2769 2709 2833 possepvidebat.

1647 2845 1819 2896 Barth.
2306 2855 2313 2860 “
2492 2877 2499 2885 -

1706 2926 1805 2972 202
1839 2921 2099 2985 Serranus]
2133 2921 2355 2972 Rutilius
2389 2921 2643 2974 Itinerar.
2665 2938 2729 2975 1.⁴

1641 2997 1911 3062 ‘Exiguus
1967 2999 2172 3062 Regum
2224 2999 2481 3050 Rectores
2524 3015 2712 3064 cespes

1642 3072 1835 3135 alebat,
1873 3074 1944 3123 Et
1975 3073 2305 3124 Cincinnatos
2327 3075 2519 3139 jugera
2541 3072 2714 3140 pauca

1642 3147 1854 3199 dabant.
1919 3148 2055 3199 Haec
2079 3148 2234 3204 etiam
2270 3150 2416 3204 nobis
2441 3165 2545 3201 non
2581 3151 2713 3203 infe·

1643 3224 1779 3274 riora
1800 3223 2040 3275 feruntur
2055 3226 2279 3276 Vomere
2298 3226 2507 3277 Serrani
2532 3229 2731 3298 Fabri-n

1643 3301 1805 3366 tiique
1828 3300 1980 3352 foco?
2043 3303 2259 3354 Suadebat
2282 3303 2435 3368 dixit,
2458 3310 2518 3354 ut
2540 3306 2712 3370 ipsum

1640 3392 1847 3429 manum
1904 3380 2051 3444 operi
2106 3379 2395 3434 admovisse
2451 3381 2738 3436 declarans

1642 3454 1795 3507 Idem:
1876 3470 1883 3474 ·
2058 3468 2065 3476 ·

1705 3534 1802 3580 203
1839 3531 1987 3595 Casa]
2022 3532 2177 3596 Vilis,
2206 3534 2433 3598 plebeia,
2472 3536 2541 3587 de
2574 3537 2715 3588 ruris

1641 3607 1997 3675 similitudine,
2021 3610 2122 3660 imo
2141 3611 2326 3676 inipso
2351 3626 2471 3661 rure
2494 3611 2739 3664 domun-r

1641 3685 1776 3735 cula·
2709 3701 2735 3740 ’τ

1704 3763 1957 3825 Pugnaces
1978 3765 2170 3829 Curios]
2213 3766 2388 3816 Mares
2410 3775 2568 3818 vocat
2588 3768 2733 3820 inda.-

1643 3838 1920 3891 Horatius:
1955 3842 1979 3874 ‘·
1995 3843 2066 3896 Et
2097 3843 2322 3894 maribus
2345 3843 2519 3894 Curiis
2541 3852 2601 3896 et
2620 3846 2712 3896 de-

1640 3924 1854 3967 cantata
1906 3918 2139 3969 Camillis
2158 3919 2194 3970 z'
2260 3919 2333 3969 inc
2365 3922 2712 3986 opprobrium

1637 3994 1801 4044 seculi
1822 3995 1915 4045 sui.
1982 3996 2146 4046 Erant
2177 3997 2314 4045 enim
2347 3997 2436 4061 qui
2472 3998 2623 4050 vultu
2653 4006 2729 4051 et'

1639 4069 1846 4121 incessu
1865 4070 2106 4123 foeminas
2127 4073 2483 4138 morbumque,
2524 4081 2583 4126 ut
2614 4075 2733 4127 ἔπι-ε

1639 4148 2108 4214 venalisappellat,
2129 4148 2451 4200 fatebantur.
2484 4152 2665 4206 Barea.
2718 4179 2731 4200 2

1702 4229 1800 4275 204
1833 4226 1958 4292 Haec
1989 4227 2111 4287 milei
2145 4231 2401 4291 paupertas
2427 4229 2707 4294 angust-ior]

1640 4304 1924 4376 opulentior
1943 4304 2193 4372 Isingriu.
2226 4306 2451 4374 Lucens-
2480 4305 2727 4374 (ayn-sict*
