3034 4934
971 355 1070 404 mi
1122 353 1220 405 vi.
1268 354 1480 407 cous,
1528 356 1817 408 nomon.
2367 344 2500 411 803

287 499 511 588 Docta
541 500 763 565 subire
790 498 1026 577 fames,
1058 505 1173 565 aut
1199 498 1453 584 praedae
1481 500 1710 567 luctus
1741 501 2051 583 ademtae,
2366 504 2502 572 245

214 652 221 656 -
284 603 427 669 Aut
449 603 690 687 pudor,
720 610 836 667 aut
866 601 1067 668 dictis
1096 621 1361 669 movere
1387 605 1801 687 procacibus
1827 605 1975 685 irae,
2005 656 2009 660 -

289 705 390 771 Ut
417 706 590 770 male
613 709 864 771 tentato
896 706 1100 771 toties
1126 725 1200 770 se
1231 706 1492 771 credere
1524 727 1768 792 campo

289 806 617 873 Cominus
649 808 936 873 auderet.
1027 808 1236 873 Nulla
1260 816 1365 874 est
1392 809 1682 874 victoria
1709 808 1947 893 major,

288 908 511 988 Quam
541 930 694 995 quae
725 909 1075 976 confessos
1105 910 1326 974 animo
1354 930 1622 995 quoque
1653 912 1968 996 subjugat
1994 914 2250 982 hostes,

284 1010 576 1097 Jamque
605 1011 910 1096 frequens
939 1033 1158 1077 rarum
1190 1013 1545 1098 decerpere
1574 1014 1919 1099 transfuga
1944 1017 2143 1083 robur
2361 1018 2493 1085 250

287 1115 628 1200 Coeperat,
658 1115 859 1198 inque
888 1114 1029 1181 dies
1056 1135 1372 1181 numerus
1401 1116 1786 1183 decrescere
1818 1120 2074 1186 castris.

283 1217 435 1282 Nec
457 1218 601 1301 jam
628 1218 867 1282 seditio
896 1220 1130 1302 paucis
1159 1221 1424 1285 occulta
1454 1223 1699 1304 parari,

282 1319 421 1384 Sed
451 1321 644 1406 cunei
667 1323 967 1405 totaeque
997 1322 1226 1405 palam
1257 1322 1598 1389 discedere
1627 1330 1883 1391 turmae.

198 1441 213 1450 ‘
281 1419 748 1505 Consequitur,
777 1442 1087 1507 vanoque
1117 1424 1405 1491 fremens
1437 1427 1723 1493 clamore
1746 1433 2053 1507 retentat,

262 1611 425 1674 sones
444 1615 634 1665 eruditu
646 1614 751 1677 pati
769 1616 978 1679 pericula
993 1616 1167 1679 omnio,
1188 1623 1272 1667 aut
1293 1618 1499 1671 tristitia
1519 1618 1770 1683 spoliorum
1786 1625 2068 1684 ereptorum,
2089 1624 2172 1669 aut
2190 1620 2488 1682 verecundia,

276 1684 362 1728 aut
399 1679 489 1728 iroe
524 1685 864 1729 commoverunt
901 1681 1043 1732 illum
1077 1683 1228 1732 verbis
1257 1684 1594 1747 petulantibus,
1614 1690 1670 1734 ut
1699 1687 1891 1736 auderet
1914 1686 2201 1735 committere
2220 1700 2270 1735 se
2295 1686 2485 1748 propius

273 1742 392 1792 bello
414 1744 553 1793 toties
585 1748 767 1793 tentato
796 1744 1064 1802 infeliciter.
1132 1748 1308 1797 Nullus
1329 1749 1595 1812 triumphus
1616 1755 1686 1799 est
1702 1750 1956 1809 gloriosior
1976 1765 2114 1813 quum
2136 1750 2223 1799 ille
2238 1751 2318 1814 qui
2333 1749 2483 1798 vincit

267 1807 429 1857 hostes
447 1808 718 1873 confitentes
741 1810 897 1860 etiam
918 1811 1073 1860 animo
1094 1827 1146 1861 se
1169 1813 1321 1863 vinci.
1392 1815 1462 1863 Et
1470 1815 1580 1874 ‚iam
1609 1815 1753 1864 multi
1779 1814 1982 1877 fugaces
2012 1814 2298 1878 incipiebant
2319 1814 2484 1866 debiti-

265 1877 378 1922 ture
409 1888 517 1937 opes
551 1874 834 1938 infirmiores
843 1890 864 1932 ‚0
895 1881 942 1925 et
963 1876 1213 1926 multitudo
1248 1878 1531 1941 incipiebat
1562 1880 1779 1929 imminui
1800 1882 1979 1930 cunctis
1996 1880 2189 1929 diebus.-
2220 1880 2482 1943 nequejam

269 1938 444 1987 seditio
463 1939 706 2001 incognita
733 1941 900 2003 paucis
928 1943 1072 2004 strui,
1094 1947 1148 1990 at
1167 1945 1313 2005 copiae
1334 1948 1382 1993 et
1404 1948 1606 1994 caterva?
1637 1960 1792 1994 omues
1814 1945 2128 2009 incipiebant
2149 1950 2311 2008 aperte
2332 1944 2482 1993 disce-

269 2003 399 2053 dere.
453 2002 693 2053 Alaricus
710 2006 928 2069 sequitur
954 2006 1062 2070 bos,
1092 2012 1141 2056 et
1163 2015 1382 2058 conatur
1412 2008 1620 2059 retinere
1650 2025 1945 2059 murmurans
1977 2010 2120 2059 minis
2149 2008 2413 2069 inutilibus,
2434 2012 2482 2058 et

1202 2149 1378 2171 OO‘O‘O
1384 2152 1408 2170 Ι
1414 2152 1435 2171 O
1441 2150 1561 2171 ὈΝ

271 2254 453 2305 Parm.
474 2259 533 2304 et
550 2254 726 2305 Vicet.
778 2255 910 2305 tabes
939 2256 1021 2306 vel
1053 2255 1211 2307 rabies
1246 2255 1438 2306 Petav.
1461 2261 1704 2321 pta—245
1739 2258 1890 2308 victus
1949 2271 2006 2307 ro
2028 2259 2179 2307 hictus
2198 2257 2479 2307 'tholose—

269 2324 370 2370 246
403 2323 453 2369 et
474 2320 618 2369 dictis
638 2320 831 2371 Moret.
856 2336 958 2371 sec.
989 2322 1243 2385 ‘procacius
1268 2322 1557 2372 Low—24⁸1
1589 2338 1749 2386 cumpo
1784 2324 1866 2372 vel
1934 2324 2021 2373 ello
2058 2322 2248 2373 Petav.
2285 2329 2482 2373 terh-

266 2389 370 2435 249
389 2386 545 2441 Quam
559 2386 640 2448 qui
656 2385 802 2435 Leid.
822 2400 923 2436 sec.
942 2387 1073 2437 Exc.
1089 2386 1306 2436 Gevart.
1347 2387 1637 2451 Quamquam
1658 2389 1803 2438 Rott.
1837 2388 2018 2437 animos
2036 2387 2153 2438 Pal.
2172 2388 2273 2438 inc.
2298 2388 2479 2439 HeinS.

266 2450 501 2512 subnegut
522 2451 708 2500 Petav.
732 2455 1005 2500 sem—250
1037 2466 1199 2500 rarum
1215 2453 1338 2500 Vat.
1364 2451 1531 2502 LivIn.
1573 2468 1729 2502 rerum
1754 2452 1899 2502 Leid.
1925 2468 2001 2516 pr.
2022 2468 2089 2502 m.
2113 2468 2191 2518 pr.
2213 2468 2329 2503 cum
2352 2452 2478 2501 duo-

269 2514 445 2564 decim
466 2516 580 2564 aiiis
601 2523 656 2564 et
677 2515 796 2566 edd.
818 2516 990 2566 Vicet.
1011 2516 1156 2568 Junt.
1175 2515 1292 2566 Ald.
1308 2516 1473 2567 Colin.
1517 2532 1679 2567 rurum
1702 2517 1785 2567 vel
1805 2533 1962 2567 rerum
1983 2518 2106 2566 Vat.
2130 2525 2301 2582 quart.
2325 2516 2472 2566 Prie.

266 2594 338 2629 m.
363 2593 470 2628 sec.
496 2580 644 2628 Med.
670 2595 746 2643 pr.
780 2582 1022 2645 decerpere
1045 2580 1160 2630 Pal.
1185 2580 1328 2630 Prie.
1353 2596 1418 2631 m.
1441 2596 1550 2631 sec.
1598 2582 1860 2645 discerpere
1884 2582 2026 2631 Med.
2048 2588 2172 2632 tert.
2221 2581 2474 2643 transfuga

269 2645 355 2693 vel
393 2645 567 2694 callida
602 2645 744 2695 Med.
784 2650 1068 2696 tert—251
1103 2646 1213 2695 inde
1232 2647 1336 2695 dies
1357 2646 1535 2696 Ambr.
1558 2653 1679 2697 tert.
1731 2650 1990 2696 decrescere
2011 2646 2155 2697 Rott.
2202 2648 2474 2697 descevidere

267 2709 354 2758 vel
375 2710 642 2758 discernere
676 2710 959 2760 Pan—252
988 2710 1160 2760 seditio
1194 2712 1326 2775 Reg.
1370 2711 1541 2761 Oxou.
1585 2725 1665 2775 pr.
1689 2726 1758 2760 m.
1784 2726 1888 2761 sec.
1913 2712 2118 2761 Tholos.
2141 2710 2322 2761 Ambr.
2349 2717 2473 2762 tert.

273 2774 497 2823 Discidio
528 2775 649 2825 Jnn.
686 2790 767 2838 pr.
798 2776 968 2824 Oxon.
1007 2789 1110 2825 sec.
1163 2776 1340 2824 deditio
1378 2789 1553 2825 omnes
1575 2776 1721 2825 Vatt.
1746 2777 1860 2825 Pal.
1881 2777 2199 2825 Fara-253
2233 2776 2365 2825 cunei
2391 2776 2474 2825 vel

264 2840 428 2889 cuncti
449 2839 594 2888 Med.
618 2846 738 2888 tert.
790 2841 929 2889 simul
951 2841 1219 2903 propalam
1244 2838 1421 2890 Ambr.
1446 2855 1550 2889 sec·
1605 2841 1868 2890 decrescere
1890 2841 2016 2890 Put.
2040 2839 2222 2890 Ambr.
2256 2856 2335 2904 pr.
2391 2841 2473 2889 de·

263 2905 489 2953 scendere
512 2903 655 2953 Prie.
677 2905 830 2954 Fara.
851 2904 954 2953 duo
976 2905 1120 2954 Med.
1141 2905 1269 2969 Reg.
1290 2905 1419 2955 Lov,
1438 2905 1620 2955 Petav.
1640 2920 1743 2957 sec.
1770 2905 1977 2956 Tholos.
2001 2904 2183 2956 Ambr.
2201 2920 2304 2955 sec.
2323 2905 2472 2957 Leid.

269 2983 350 3032 ρι’.
390 2969 584 3018 Moret.
624 2984 729 3019 sec.
762 2970 884 3021 Jun.
924 2984 1004 3031 pr.
1043 2969 1212 3019 Oxou.
1252 2983 1358 3019 sec.
1392 2970 1523 3018 Exc.
1546 2970 1764 3020 Lucens.
1788 2986 1864 3034 pr.
1888 2971 1969 3021 ed.
1991 2971 2163 3020 Vicet.
2217 2970 2473 3020 desciscere

267 3030 450 3083 Ambr.
476 3041 600 3084 tert.
622 3035 725 3083 vid.
749 3034 888 3083 infra
906 3038 1019 3084 262.
1052 3035 1288 3083 discedere
1313 3034 1395 3083 vel
1414 3037 1689 3084 descendere
1712 3036 1856 3085 Med.
1875 3051 1956 3099 pr.
2004 3036 2265 3085 discernere
2291 3035 2368 3083 vel
2391 3036 2472 3083 de-

265 3100 483 3147 scendere
506 3098 621 3147 Pal.
668 3099 820 3148 turboe
841 3100 961 3148 Vat.
989 3113 1064 3162 pr.
1088 3106 1144 3149 et
1168 3105 1294 3149 tert.
1316 3099 1438 3148 Put.
1460 3100 1582 3151 Jun.
1607 3115 1687 3164 pr.
1721 3100 1895 3150 Oxou.
1919 3105 2187 3150 sem-254
2221 3099 2470 3162 Prosequi-

265 3167 351 3212 tur
374 3162 546 3213 Oxou.
565 3177 670 3212 sec.
705 3178 910 3227 vanoque
931 3164 1054 3216 Pat.
1073 3162 1256 3213 Ambr.
1281 3179 1360 3228 pr.
1393 3166 1611 3228 varioque
1631 3165 1733 3214 duo
1754 3166 1903 3215 Vatt.
1921 3165 2044 3214 Put.
2064 3164 2257 3213 Tbuan.
2281 3164 2471 3215 Petam

266 3240 374 3280 sec.
395 3226 629 3291 frequens
651 3229 774 3278 Put.
796 3228 998 3278 Thoan.
1014 3227 1187 3279 Oxon.
1210 3242 1315 3278 see.
1336 3228 1552 3288 fremens
1574 3229 1889 3294 velfrequens
1909 3230 2011 3280 inc.
2028 3229 2214 3281 Heius.
2237 3234 2470 3284 retentat

1257 3364 1477 3438 No'rAE

329 3492 427 3540 245
464 3487 659 3552 anes]
696 3489 817 3539 Non
849 3488 1126 3555 imperiosa
1147 3487 1330 3552 fames,
1407 3505 1515 3541 rem
1556 3495 1612 3541 et
1647 3489 1812 3540 minus
1861 3489 2069 3555 plenum
2106 3487 2466 3553 relinquendo·

263 3580 382 3631 quae
418 3565 605 3616 temnit
627 3566 797 3615 omnia
818 3566 1067 3630 pericula,
1102 3580 1203 3616 non
1232 3568 1329 3630 ira,
1409 3568 1558 3617 Nam·
1579 3567 1862 3632 decerpere
1893 3573 1975 3617 est
2004 3568 2079 3616 ita
2106 3566 2379 3617 detrahere
2399 3581 2466 3617 ex

264 3655 369 3692 non
405 3642 576 3706 pudor
613 3650 806 3708 cogunt
845 3643 1004 3693 etiam
1038 3644 1180 3694 illum
1204 3659 1329 3708 pug-
1408 3649 1522 3693 toto
1556 3657 1789 3707 corpore,
1820 3649 1878 3694 ut
1911 3643 2171 3692 minuatur
2203 3655 2466 3705 numerus,

159 3782 169 3794 .
263 3734 422 3781 ουτος
466 3719 597 3768 adeo
641 3718 852 3782 diffidit,
886 3701 1017 3771 adeo
1061 3721 1327 3786 desperat,
1405 3719 1597 3784 fiatque
1619 3719 1819 3770 raritas.

264 3796 394 3847 adeo
417 3795 699 3846 confitetur
718 3812 774 3846 se
797 3797 965 3847 animo
989 3798 1181 3847 victum
1201 3810 1328 3848 esse.
1470 3802 1569 3848 252
1606 3798 1777 3847 Paucis
1812 3794 2011 3859 occulta]
2084 3795 2325 3846 Necdum
2377 3810 2464 3847 oc·

326 3876 426 3923 249
466 3872 716 3933 confessos
746 3873 991 3938 subjugat]
1033 3875 1163 3924 Haec
1201 3889 1328 3925 vcra.
1405 3877 1600 3925 cultum
1625 3881 1738 3924 erat
1760 3874 1938 3937 paucis
1954 3875 2122 3937 parari
2140 3873 2463 3938 seditionem,

265 3958 511 4016 certaque
535 3950 755 4000 victoria
787 3958 887 4013 est,
919 3966 1035 4001 cum
1062 3951 1183 4001 victi
1205 3954 1324 4001 con·
1404 3966 1521 4016 quae
1544 3952 1731 3999 malum
1762 3950 2037 4014 pessimum
2068 3956 2166 4000 est.
2236 3951 2371 4000 Nam
2394 3963 2462 4000 ex

264 4025 478 4077 fitentur
501 4027 699 4076 animos
717 4042 833 4076 suos
853 4041 965 4077 esse
984 4033 1268 4090 superatos,
1401 4028 1626 4091 Vegetio
1647 4043 1660 4076 z
1697 4029 1712 4054 ‘
1735 4027 1875 4075 nulla
1897 4025 2125 4091 quamvis
2148 4025 2356 4073 minima
2384 4039 2463 4074 ra·

323 4104 423 4151 26⁰
456 4100 642 4164 Robur]
676 4102 857 4151 Crebri
894 4101 1173 4166 transfugae
1196 4102 1322 4153 inci·
1402 4105 1476 4154 tio
1517 4110 1694 4167 potest
1732 4104 1799 4152 ab
1836 4102 2144 4152 adversariis
2181 4100 2463 4167 perdeleri,
2555 4109 2566 4118 ·

264 4178 474 4243 piebnnt
508 4178 800 4243 decerpere
838 4185 894 4229 et
928 4179 1202 4230 debilitare
1242 4194 1322 4229 ro·
1400 4180 1497 4229 nisi
1541 4179 1765 4245 propriis
1825 4179 2174 4231 simultatibus
2235 4193 2292 4229 se
2344 4178 2460 4244 ipsa

266 4256 358 4308 bur
375 4272 438 4310 sc
458 4257 563 4309 vim
584 4258 865 4330 exercitus,
885 4273 1003 4310 eum
1016 4258 1130 4325 jaun
1161 4259 1321 4311 rario-
1396 4255 1767 4310 consumserit!
2131 4271 2138 4278 ·
