3034 4934
1032 389 1124 452 ris.
1163 399 1516 458 ιιυιτιιιςυιι
1566 397 1712 452 ms.
1759 400 1837 450 11.

340 562 485 599 meus
509 552 566 599 et
588 547 742 608 Gaii„
767 545 1045 596 For-nerins
1067 544 1395 610 praeferunt,

332 624 575 682 Ausonias
595 639 733 676 curas
752 629 800 673 et
820 624 957 686 jura,
985 626 1068 686 850.
1109 624 1289 685 Regere
1311 622 1396 682 ju-

334 720 424 767 ru,
432 709 513 753 est
526 702 959 766 Magistrzatuum
986 701 1059 750 sic
1080 701 1218 749 enim
1234 701 1398 765 loqui-

333 780 554 840 1111·er
575 792 637 829 11.
662 781 705 843 ᾧ.
725 783 805 828 13.
813 779 884 843 ff.
906 780 964 828 de
985 779 1107 841 orig.
1120 779 1264 840 Jmis.
1318 778 1398 827 Si-

337 856 462 906 don.
497 856 665 907 Carni.
697 870 798 905 vn.
845 854 1201 919 ‘praefectus
1178 869 1304 918 jura
1320 869 1399 904 re-

339 934 538 999 gebat?
596 934 785 986 Horat.
823 934 912 984 lib.
949 947 1035 983 ιιι.
1078 932 1161 983 od.
1179 936 1228 981 3.
1264 934 1399 982 ‘Ro-

325 1027 427 1064 -ma
460 1009 611 1062 ferox
634 1010 756 1059 dare
786 1011 907 1074 jura
929 1008 1133 1058 Medis!
1203 1009 1401 1058 Noster

339 1087 394 1136 in
433 1088 654 1150 Eutrop.
692 1087 783 1136 lib.
808 1101 846 1136 1.
884 1085 1016 1135 fine:
1052 1086 1322 1135 ‘Eunuchi
1356 1086 1400 1134 si

330 1163 458 1226 ,iura
477 1162 724 1214 dabuutz’
759 1161 826 1210 ad
860 1176 1011 1226 quem
1048 1163 1218 1211 locum
1251 1163 1401 1225 plura

339 1240 550 1290 dicturi.
582 1242 802 1304 Dempst.

339 1353 344 1360 -
401 1319 551 1383 Jara]
587 1319 879 1371 Praefectus
895 1320 1156 1371 Praetorio
1171 1328 1284 1370 erat
1300 1322 1401 1369 Ru-

338 1393 494 1457 finus,
511 1397 739 1459 nomine,
760 1412 815 1447 re
838 1398 956 1462 ipsa
981 1397 1279 1448 moderator
1295 1397 1402 1446 uni·

342 1474 477 1522 versi
513 1474 797 1524 orientalis
831 1474 1080 1539 Imperii3
1115 1474 1191 1523 ita
1228 1481 1401 1524 autem
1475 1525 1480 1528 ,

342 1549 408 1600 de
436 1565 633 1604 summo
673 1551 964 1614 principatu
996 1552 1229 1602 solebant
1263 1549 1403 1613 loqui

341 1629 664 1692 veter-esdras
672 1643 854 1689 regere,
866 1643 1005 1690 enm,
1015 1628 1102 1693 qui
1117 1628 1402 1680 absolutam

337 1705 487 1754 velut
503 1711 595 1754 aut
617 1707 662 1754 ei
680 1705 959 1767 proximam
980 1710 1296 1768 potestatem
1315 1719 1402 1766 ge-

340 1788 503 1843 reret,
535 1783 740 1846 qualem
775 1795 897 1831 sane
926 1781 1155 1830 habebat
1178 1780 1405 1832 Praefec-

340 1864 426 1908 tus
448 1859 725 1922 Praetorio,
742 1866 925 1921 utpote
959 1874 990 1910 a
1011 1873 1112 1923 quo
1148 1857 1404 1922 appellari

342 1950 443 1985 non
470 1943 701 2000 poterat,
722 1938 802 1986 uti
822 1944 1005 1987 auctor
1026 1937 1287 1988 Charisius
1311 1937 1405 1985 Ar-

341 2012 520 2070 cadius
538 2027 653 2076 cap.
667 2013 764 2065 JC.
781 2028 865 2063 un.
882 2012 947 2062 de
962 2011 1069 2063 Off.
1086 2011 1247 2063 Praef.
1261 2012 1404 2061 Prae·

341 2095 445 2139 tor.
479 2090 658 2140 Barth.

408 2169 471 2220 83
513 2166 780 2229 Vestemque
820 2167 1075 2230 Getarum]
1099 2165 1297 2218 Rinfino
1335 2166 1404 2216 vi-

341 2242 621 2305 tuperium,
654 2243 793 2307 quod
827 2245 1054 2292 ‘vestem
1088 2243 1306 2305 patriam
1329 2258 1420 2291 as·-

335 2324 612 2383 pernatus,
636 2319 960 2383 peregrinam
997 2319 1224 2370 induerit
1240 2321 1272 2369 ε’
1304 2337 1407 2385 qua

341 2395 459 2445 labe
482 2403 694 2445 notatur
718 2396 783 2445 ab
807 2395 1089 2446 Hermolao
1115 2397 1406 2447 Alexander

344 2470 482 2534 apud
502 2471 757 2534 Curtium,
777 2471 870 2521 lib.
887 2486 1010 2522 vm.
1029 2480 1084 2522 et
1104 2473 1277 2522 Tiber.
1299 2473 1405 2524 Au-

343 2552 484 2611 gust.
520 2562 551 2595 a
580 2549 724 2597 Suet.
770 2562 889 2610 cap.
930 2553 1008 2598 13.
1038 2549 1204 2599 Porro
1239 2551 1406 2612 pelliti

343 2624 519 2686 Getae,
564 2625 700 2690 quod
744 2624 1079 2675 confirmatur
1119 2640 1184 2674 ex
1224 2625 1405 2676 Sidon.

341 2700 568 2765 Apollin.
602 2708 865 2752 coaetaneo
895 2702 1063 2765 liujus,
1100 2702 1192 2751 lib.
1226 2717 1266 2752 1.
1302 2704 1402 2766 Ep.

344 2783 394 2829 2.
444 2780 775 2843 ‘pellitorum
824 2779 975 2829 turba
1022 2779 1301 2827 satellitum
1338 2793 1404 2828 ne

341 2854 516 2910 absit?
580 2857 652 2905 Et
683 2857 851 2905 Carni.
884 2859 932 2905 7.
984 2855 1172 2905 ‘Ibant
1209 2854 1405 2918 pellitae

345 2946 441 2995 per
457 2932 673 2986 classica
691 2932 915 2981 Romula
932 2930 1151 2981 turmae!
1218 2931 1405 2980 Rutili·

345 3024 423 3071 ua,
445 3011 687 3060 Itinerar.
709 3011 798 3060 lib.
819 3025 881 3059 11.
917 3013 931 3037 ‘
952 3010 1078 3073 Ipsa
1095 3009 1405 3060 satellitibus

344 3086 539 3150 pellitis
586 3089 750 3136 Roma
793 3086 1015 3149 patebat
1034 3090 1065 3134 :’
1120 3091 1296 3135 noster
1340 3085 1405 3134 de

345 3163 482 3214 bello
513 3164 735 3213 Getico:
775 3164 790 3190 ‘
809 3163 993 3226 pellita
1031 3163 1285 3217 Getarum
1308 3163 1406 3211 Cu·

343 3238 453 3303 ria,’
476 3240 539 3289 ad
564 3255 714 3304 quem
731 3242 896 3289 locum
923 3242 1103 3303 plura:
1139 3247 1193 3289 et
1214 3240 1282 3289 de
1313 3254 1389 3290 ιν.

341 3316 545 3368 Honor.
588 3317 798 3366 Consul.
833 3322 847 3345 6
868 3317 1057 3374 Castra
1094 3333 1280 3368 cruore
1316 3334 1407 3368 na·

344 3399 481 3456 tant,
516 3394 731 3442 moritur
763 3394 948 3456 pellita
970 3393 1257 3457 juventus!
1318 3395 1406 3446 Sic
1487 3435 1494 3438 .

344 3476 579 3531 tempore
596 3471 830 3530 Senecae,
842 3470 1049 3531 Scythas
1066 3471 1287 3533 pellibus
1301 3472 1405 3520 vul·

343 3545 488 3608 pium
533 3552 587 3595 et
627 3548 848 3596 mintium
887 3546 1283 3608 amiciebantur,
1307 3548 1406 3611 Ep.

341 3634 432 3671 xc.
479 3627 533 3671 et
566 3624 636 3671 D.
682 3623 988 3686 Hieronym,
1027 3623 1080 3671 in
1124 3623 1406 3686 Epitaphio

321 3697 645 3762 ’Nepotiani
681 3700 902 3761 Dempst.

341 3823 352 3828 ,
407 3776 475 3821 84
507 3774 751 3835 Insignem
804 3773 1016 3832 habitum
1065 3772 1221 3835 Latii]
1289 3775 1406 3826 Quo

340 3850 593 3902 Latialis
582 3849 786 3913 imperii
801 3864 920 3912 pars
940 3850 1319 3900 discerneretur
1342 3851 1406 3899 ab

342 3926 456 3976 aliis
477 3927 692 3975 aliarum
701 3928 962 3989 gentium.
1029 3927 1212 3977 Munia
1230 3934 1407 3977 autem

340 4009 410 4068 et
425 4001 598 4051 officia
621 4004 868 4067 pleraque
888 4005 1231 4054 Romanorum
1252 4020 1283 4054 a
1304 4006 1408 4055 To-

342 4078 479 4146 gatis
505 4078 941 4141 expediebantur,
962 4080 1100 4143 quod
1137 4081 1279 4144 Toga
1301 4097 1408 4132 ves·

340 4157 409 4221 tis
423 4154 664 4216 forensia,
685 4154 809 4203 etin
829 4152 941 4202 foro
972 4155 1291 4218 negotiorum
1317 4172 1407 4206 cu-

341 4231 580 4300 nanunde
610 4245 705 4294 per
727 4245 977 4294 summum
995 4229 1145 4294 ¹nefas
1168 4207 1406 4295 pellitam

332 4309 443 4376 juri
457 4306 691 4378 ,dicundo
711 4306 1021 4375 praesedisse
1043 4308 1287 4376 Rufinum
1310 4310 1404 4361 ait.

2356 380 2537 461 im

1471 545 1750 608 Tagusvero
1772 558 1841 594 ex
1862 557 1957 593 nsu
1980 557 2043 592 eo
2061 542 2179 607 ipsa
2196 540 2427 591 forensia
2448 556 2536 600 ne·

1473 622 1623 686 gotia
1640 622 1873 672 denotat.
1940 620 2170 670 Martial.
2189 620 2241 668 in
2257 619 2379 667 vitae
2402 619 2537 668 Bea-

1475 706 1547 748 tae
1573 698 1953 764 descriptione.
1988 699 2003 725 ‘
2021 697 2110 747 Lis
2122 702 2538 763 nunquaimtoge

1471 791 1611 837 rara,
1634 791 1777 825 mens
1801 774 2012 840 quieta!
2046 773 2223 823 Bar-tlt.
2384 807 2391 814 1

1539 852 1678 902 Latii
1715 857 1896 901 mutare
1935 849 2172 913 togaeque]
2212 850 2401 898 coacte
2439 849 2539 897 Lu·

1475 929 1643 978 censis
1699 928 1860 979 liber:
1921 928 2056 993 quod
2111 926 2282 979 secuti
2346 939 2540 976 sumus.

1475 1006 1614 1054 Latii
1630 1006 1785 1067 togati
1808 1011 1978 1054 tamen
2002 1019 2034 1053 a
2067 1004 2350 1053 Claudiano
2376 1002 2540 1065 scrip·

1478 1089 1587 1131 tum
1629 1089 1771 1147 puto.
1810 1083 2024 1130 Moerent
2062 1086 2261 1141 mutare,
2300 1088 2360 1128 ut
2395 1078 2543 1139 alibi,

1475 1157 1491 1183 ‘
1511 1159 1637 1208 dolet
1654 1160 1734 1208 ille
1752 1163 1954 1221 paterna
1980 1157 2223 1220 Bithynos
2238 1160 2441 1204 mutasse
2458 1156 2540 1204 dor

1475 1235 1596 1284 mot'
1627 1250 1677 1284 se
1710 1234 2136 1297 subintelligitur.
2202 1234 2398 1282 Mutare
2440 1232 2534 1282 Ge·

1476 1316 1646 1375 toeque,
1665 1311 1965 1361 Pricaeanus
1981 1328 1994 1360 ι
2019 1325 2143 1360 mox
2158 1311 2363 1376 Moercfnt
2373 1310 2543 1372 pellito

1477 1389 1677 1452 captitoe
1699 1389 1844 1452 prim.
1868 1389 2037 1437 Vatic.
2069 1389 2145 1437 D.
2169 1386 2342 1435 Heius.

1543 1470 1607 1516 85
1642 1466 1819 1515 Pellite
1838 1463 2025 1527 judice]
2057 1463 2277 1514 Pellitos
2298 1462 2435 1511 enim
2462 1459 2543 1514 ,νί-

1478 1543 1602 1594 dere
1620 1557 1862 1608 proceres
1883 1544 2157 1604 Romanos,
2170 1539 2413 1588 indicium
2428 1551 2544 1587 cer·

1476 1626 1591 1670 tum
1613 1612 1728 1671 erat
1751 1618 1968 1682 Imperii
2002 1615 2230 1665 barbaris
2265 1614 2541 1678 occupati;

1479 1704 1536 1746 et
1559 1710 1735 1748 eorum
1760 1697 1921 1746 vicem
1945 1694 2164 1758 gerebat
2184 1691 2266 1739 hic
2293 1691 2445 1740 latro.
2526 1727 2535 1742 .

1549 1775 1762 1837 captivae
1783 1772 1931 1834 leges]
1978 1772 2138 1822 Velut
2167 1784 2197 1817 a
2229 1765 2501 1817 Barbare
2488 1780 2542 1814 ιιι

1477 1858 1795 1917 potestatem
1816 1850 2063 1898 redactae.

1545 1931 1607 1976 87
1644 1928 1773 1975 Nam
1811 1924 1994 1972 miseris
2032 1937 2116 1970 nec
2153 1921 2280 1985 flere
2331 1898 2542 1981 quidem]

1480 2004 1690 2054 Summa
1713 2000 1947 2065 tyrannis
1969 1999 2128 2047 etiam
2157 1994 2414 2044 doloribus
2436 1991 2543 2041 fac·

1485 2079 1552 2128 tis
1576 2078 1706 2129 fietu
1728 2076 2058 2127 interdicere.
2126 2074 2392 2136 Lacrymae
2420 2084 2542 2136 vero

1481 2156 1733 2206 malorum
1778 2156 2014 2203 levamen
2054 2149 2277 2214 aliquod.
2320 2141 2543 2196 *Seneca

1480 2234 1891 2297 Agamemnone,
1931 2230 2053 2278 Act.
2092 2240 2181 2276 ιιι.
2232 2225 2545 2286 ‘Lacr-ymas

1481 2313 1725 2378 lacrymis
1741 2311 1958 2361 miscere
1990 2308 2159 2372 juvat.
2224 2303 2395 2367 Magis
2418 2317 2544 2351 exu-

1480 2399 1621 2450 ιιιιιι,
1665 2402 1791 2453 quos
1818 2392 2038 2435 secretae
2074 2385 2332 2432 Lacerant
2367 2394 2543 2442 curae3

1470 2466 1625 2530 juvat
1640 2466 1690 2513 in
1714 2465 1939 2513 medium
1963 2458 2202 2509 Deflere)
2238 2458 2413 2507 Barth.

1546 2546 1610 2591 89
1641 2543 1793 2591 Duroe
1811 2540 1917 2602 quis
1942 2536 2170 2586 terminus
2188 2532 2413 2596 unquam]
2442 2532 2546 2581 Di-

1479 2634 1549 2668 ra·
1572 2625 1684 2669 tres
1720 2615 1856 2678 scrip
1846 2615 1935 2663 ui:
1971 2612 2107 2678 quod
2131 2608 2408 2659 efficacius.
2473 2608 2544 2656 D.

1480 2695 1656 2744 Heius.

1481 2819 1492 2824 ,
1545 2777 1607 2823 91
1643 2774 1745 2821 Aut
1766 2768 1916 2820 tantis
1934 2765 2108 2829 solvet]
2150 2764 2198 2816 A
2226 2764 2376 2816 tanao
2395 2761 2547 2826 multi

1480 2849 1701 2899 codices.
1766 2848 1927 2895 Forte
1972 2858 2065 2908 pro
2103 2844 2208 2892 Alz:
2260 2855 2378 2890 nam
2422 2839 2546 2900 olim

1478 2926 1590 2973 sine
1614 2922 1969 2988 adspiratione
1993 2919 2304 2970 scribebant.
2358 2895 2545 2966 Melio-

1481 3015 1565 3049 res
1591 3008 1761 3050 tamen
1782 3003 1869 3047 aut
1884 3014 1903 3056 ,·
1935 2998 2118 3061 opinor
2149 2995 2280 3044 Heu.
2314 2993 2443 3042 Mox
2464 3006 2546 3039 ne·

1476 3084 1658 3139 gantur
1681 3090 1776 3140 pro
1799 3078 2001 3135 negatur
2023 3072 2181 3121 iidem
2199 3076 2360 3119 reete.
2394 3068 2545 3130 Idem.

1483 3203 1490 3206 ι
1553 3154 1801 3203 Barbarus
1830 3150 1964 3200 illinc
2001 3149 2135 3197 Hinc
2174 3145 2381 3210 Rufinus
2414 3141 2547 3206 agit]

1482 3228 1590 3291 ἄγει
1613 3228 1693 3278 καὶ
1713 3225 1860 3292 φέρει.
1893 3225 2131 3275 Arbitrio
2155 3236 2247 3272 suo
2270 3227 2546 3270 sui-sumet
2642 3266 2658 3276 ,

1482 3308 1722 3357 deorsum
1745 3310 1952 3368 torquet
1975 3311 2029 3351 et
2050 3300 2254 3362 fatigat.
2289 3297 2467 3347 Barth.

1547 3390 1609 3433 95
1647 3384 1760 3432 Heu
1775 3380 1969 3444 petrice,
1991 3373 2217 3436 Stilicho]
2254 3375 2454 3423 Claver.
2478 3370 2549 3431 de

1483 3460 1667 3512 Patria
1680 3459 1763 3507 hic
1781 3454 2078 3505 Stilichonis
2093 3450 2324 3514 inquirit.
2335 3448 2546 3497 ‚Verum

1482 3551 1589 3586 non
1610 3549 1741 3597 opus
1781 3532 1896 3580 ullis
1936 3528 2256 3591 ambagibus,
2291 3540 2407 3574 cum
2445 3524 2546 3572 Pa.

1484 3621 1616 3664 trem
1650 3611 1843 3660 Patriae
1868 3615 1978 3670 tum
1998 3619 2174 3652 verum
2197 3603 2250 3656 in
2273 3615 2335 3650 eo
2367 3598 2545 3662 Her-oe

1483 3695 1789 3755 agnosceret
1810 3687 2076 3740 universus
2090 3682 2248 3736 Orbis
2268 3683 2546 3731 Romanus.

1484 3770 1634 3819 Idem.

1548 3850 1614 3895 96
1651 3841 1888 3906 Thalamis
1955 3837 2201 3901 proprium
2254 3831 2549 3896 genialibus]

1486 3923 1832 3983 Conveniens,
1847 3916 2100 3976 debitum,
2115 3918 2411 3975 acceptum.
2449 3909 2548 3958 Ge-

1481 3999 1627 4052 niali-s
1647 4004 1818 4046 autem
1840 4008 2005 4057 usque
2029 3991 2159 4040 adeo
2184 3986 2396 4037 thalami
2418 3999 2551 4047 nup-

1487 4077 1621 4124 tialis
1646 4072 1910 4138 proprium
1931 4077 2013 4119 est
2043 4067 2331 4131 epitheton,
2367 4062 2547 4120 uteri-3

1482 4169 1565 4203 am
1585 4153 1697 4202 sine
1732 4165 1794 4200 eo
1831 4150 2027 4197 lectum
2061 4143 2350 4208 sponsalem
2373 4147 2540 4189 notet.

1482 4233 1791 4357 meginlevi
1795 4299 2062 4367 genialibus
2091 4292 2248 4358 anien]
2275 4294 2416 4348 Non
2431 4306 2553 4358 pro-
