3034 4934
708 416 1004 476 ·PANEo.
1051 422 1132 477 m
1178 428 1397 478 enon.
1445 418 1539 479 ΕΤ
1586 428 1806 480 oLYn.
1852 430 2084 505 const

298 554 437 617 toria
461 566 809 631 Epithalamio
835 570 1075 634 Honor-ii,
1116 578 1132 603 ⁶
1155 571 1364 636 fastigia

299 645 519 708 supplex
566 647 820 711 Deposui,
854 650 1091 715 gessique
1115 651 1362 716 procum!

300 721 376 770 D.
396 723 570 773 Heius.

306 810 319 817 ·
364 801 399 846 8
432 797 543 846 Scis
584 816 734 861 genus
771 800 1082 866 Ancharium]
1149 804 1361 866 Mirum,
1397 803 1406 825 ⁸

300 880 456 939 quam
495 879 794 928 exercuerit
815 878 901 928 bic
920 881 1065 929 locus
1086 880 1224 930 viros
1247 895 1363 930 ern·-

299 952 458 1002 ditos.
521 953 631 1003 Nos
672 948 907 1006 veterum
945 957 1227 1008 editionum
1256 960 1361 1009 lec·

300 1030 497 1079 tionem
544 1030 924 1082 revocavimus:
974 1049 1131 1099 quam
1186 1040 1243 1084 et
1294 1049 1361 1083 ex

298 1106 518 1171 scriptis
555 1107 766 1171 quidam
826 1115 1055 1161 tuentur.
1142 1110 1362 1175 Gyraldi

297 1185 648 1235 vetustissima
666 1193 724 1236 et
757 1187 1002 1237 Medicea
1023 1186 1139 1236 libri
1165 1187 1365 1236 Lucen-

299 1257 369 1307 sis
385 1267 653 1325 excerpta,
669 1260 963 1313 Alchentum.
1033 1262 1137 1312 Alii
1153 1262 1361 1313 codices

297 1336 623 1400 Anchemium,
685 1340 995 1402 Anthenium,
1047 1332 1360 1401 Ancharium,

296 1413 577 1476 Achaiam,
629 1414 934 1467 Ancharium.
999 1417 1265 1466 Pauuinus
1306 1416 1361 1465 iu

300 1490 475 1540 Fastis
509 1491 817 1542 Anthemium
840 1493 1005 1556 legit:
1055 1493 1192 1557 quod
1214 1504 1365 1541 secu·

298 1566 391 1619 tus
403 1569 797 1635 Raphelengius.
864 1571 1098 1632 Delrius,
1112 1570 1335 1620 Anicium
1346 1586 1364 1619 .·

296 1647 554 1711 quomodo
578 1653 685 1697 tam
722 1649 808 1698 hic
836 1664 987 1713 quam
1017 1647 1156 1698 infra
1191 1649 1241 1698 in
1276 1654 1362 1698 ve·

303 1730 447 1774 tusto
471 1724 648 1774 codice
681 1726 782 1788 legi
830 1732 1053 1776 testatur
1075 1726 1360 1788 Claverius,

299 1800 440 1865 quod
480 1809 536 1850 et
579 1801 632 1850 in
671 1802 900 1852 editione
936 1818 1029 1851 sna
1073 1803 1362 1866 exprimen-

298 1875 608 1931 dumsluxit.
673 1877 777 1926 Sed
815 1893 931 1927 cum
961 1879 1131 1927 nullos
1157 1879 1244 1927 ille
1277 1894 1364 1928 ve·-

299 1959 440 2002 teres
461 1953 618 2003 libros
641 1952 945 2017 inspexerit,
979 1958 1172 2019 praeter
1192 1962 1365 2005 exem·

299 2029 418 2092 piar
438 2044 553 2078 cum
572 2030 718 2079 libris
738 2026 893 2080 manu
915 2032 1138 2081 exaratis
1164 2048 1195 2081 a
1222 2047 1363 2096 mag-

299 2118 370 2156 no
394 2107 603 2172 anacio
627 2110 892 2174 collatum,
922 2111 1021 2159 viri
1042 2111 1223 2160 summi
1242 2124 1365 2161 con-

283 2184 546 2249 jecturam
581 2196 676 2248 pro
698 2186 894 2235 veteris
917 2188 1228 2237 membrana:
1259 2189 1364 2238 lec⁶

297 2260 443 2310 tione
487 2261 554 2310 ab
591 2261 680 2311 illo
722 2271 985 2327 arreptam
1019 2266 1106 2314 vix
1146 2265 1363 2328 dubito;

299 2337 377 2386 ita
417 2337 552 2386 enim
588 2343 642 2386 et
683 2338 805 2388 alibi
842 2339 1132 2404 deceptus:
1169 2342 1365 2391 namin

298 2414 492 2463 nostris
529 2415 657 2464 nihil
688 2417 852 2466 simile
892 2420 1140 2469 invenias.
1222 2418 1362 2471 Quid

300 2491 441 2555 quod
467 2493 632 2556 prima
665 2493 715 2542 in
741 2495 911 2544 Anicio
931 2495 1129 2559 syllaba
1153 2496 1364 2560 corripi-

297 2576 405 2630 tur,
447 2570 755 2634 producitur
801 2573 1048 2636 secunda,
1086 2573 1221 2637 apud
1265 2573 1365 2623 aevi

298 2645 455 2709 hujus
473 2646 774 2710 scriptores,
795 2663 894 2698 nec
912 2650 1070 2698 solum
1088 2649 1140 2698 in
1158 2657 1363 2699 coutra-

296 2722 380 2770 ria
416 2723 573 2772 ivisse
612 2724 951 2774 Claudianum
972 2723 1034 2775 fit
1057 2724 1360 2775 verisimile:

297 2799 401 2847 etsi
423 2814 522 2849 nou
546 2801 726 2865 ignoro
761 2803 1124 2865 inscriptiones
1159 2811 1363 2866 extare,

296 2875 352 2924 in
380 2877 567 2940 quibus
594 2879 870 2928 Aniciorum
909 2893 1094 2927 nomen
1140 2894 1234 2944 per
1271 2879 1360 2928 du·

298 2953 425 3018 plex
442 2969 474 3001 u
495 2953 782 3005 scribatur:
805 2970 921 3005 raro
944 2956 995 3004 id
1023 2963 1210 3006 tamen.
1241 2956 1362 3007 Jam

298 3028 438 3093 quod
463 3035 655 3092 negant
674 3038 882 3094 gentem
912 3031 1200 3081 Aacheuium
1229 3033 1365 3082 exti-

301 3106 432 3154 tisse
457 3106 552 3154 viri
593 3106 755 3167 docti,
794 3122 895 3171 quo
925 3108 976 3157 id
1005 3108 1127 3172 jure
1166 3108 1364 3171 dicant,

299 3183 405 3246 ipsi
427 3183 672 3234 viderint.
739 3184 967 3233 Eandem
1002 3185 1136 3233 enim
1167 3192 1220 3234 et
1244 3185 1364 3233 Ani-

302 3259 403 3309 eiae
437 3275 552 3309 esse
574 3274 640 3308 ex
664 3259 839 3323 lapide
859 3261 1066 3324 antiqno
1089 3267 1257 3324 patet,
1277 3275 1365 3310 cu-

283 3339 378 3404 jus
419 3337 805 3400 inscriptionem
847 3339 1055 3400 primus,
1091 3337 1228 3402 quod
1267 3338 1364 3386 sci-

301 3428 406 3478 am,
438 3414 490 3463 in
527 3414 704 3463 Variis
727 3414 1056 3463 Lectionibus
1078 3414 1366 3478 publicavit

297 3493 556 3556 josephus
593 3492 839 3552 Castalio,
880 3499 935 3541 et
970 3501 1087 3556 post
1122 3493 1264 3540 illum
1286 3493 1367 3540 vir

292 3569 674 3619 celeberrimus
695 3568 922 3620 Jacobus
937 3568 1230 3616 sirmondus
1245 3568 1366 3618 Dis-

300 3647 589 3696 sertatione
611 3644 678 3695 de
707 3644 1083 3695 suburbicariis
1122 3645 1366 3709 Regioni-

304 3723 432 3773 bus:
470 3737 586 3771 eam
609 3737 765 3772 ecce:

547 3800 629 3851 Aa
654 3800 829 3850 Forum
854 3800 1118 3860 Trqiannm.

704 3888 979 3926 Ancnnnn

316 3966 325 3973 ⁶
370 3965 589 4002 Ammo.
622 3964 925 4001 Ancaeum.
960 3963 1137 4001 nasso.
1171 3964 1227 4000 v.
1252 3963 1303 4000 c.

503 4040 832 4082 QUAnS‘rom.
855 4041 1176 4078 csnnmxro

320 4130 329 4139 ·
426 4119 557 4156 uno.
592 4119 923 4158 eommunis.
958 4119 1239 4158 rempotus.

526 4196 825 4233 PRAE‘rom.
857 4196 1153 4233 'rm-num.

602 4256 609 4259 ’
671 4270 1014 4310 euoconsuu
1081 4270 1085 4275 ·

316 4349 329 4359 “
382 4344 740 4391 memma.
776 4349 1113 4391 PRAEFECTO.
1142 4350 1297 4390 unm.

2322 414 2500 523 ¹²¹3,

1672 588 1836 627 'rrum
1870 591 2255 630 mams'rusws

1515 663 1770 702 msmnu
1811 664 2156 707 escutiolas.
2193 668 2276 707 m.
2315 660 2422 706 tu·

1607 740 1839 782 Tamum,
1869 742 2144 783 smenon.
2181 744 2323 783 Lucu

1669 818 1940 859 vmruwts.
1973 821 2244 861 onusmr.

1433 881 1662 931 Videtur
1679 892 1853 933 autem
1880 886 1925 933 is
1949 885 2087 948 ipsus
2110 900 2245 950 esse,
2265 887 2354 951 qui
2378 896 2496 938 eum

1435 958 1680 1022 Philippo
1705 959 2017 1011 Honorianis
2041 962 2359 1027 temporibus
2377 974 2499 1014 eon-¹

1435 1035 1657 1084 sulatum
1704 1034 1949 1100 obtinuit,
1973 1040 2191 1103 'etpari
2233 1039 2496 1090 nominum

1437 1114 1574 1176 triga
1596 1115 1650 1162 iu
1674 1116 1898 1179 antiquis
1917 1114 2170 1165 fastorum
2190 1116 2499 1166 membranis

1435 1188 1726 1254 insignitur.
1796 1192 1937 1242 Nihil
1961 1192 2123 1255 igitur
2137 1193 2190 1241 in
2216 1193 2500 1244 Claudiano

1435 1266 1756 1316 mutandum.
1823 1268 1953 1317 Mox
2000 1272 2215 1331 potentes
2262 1270 2500 1318 Anniodae

1436 1356 1534 1408 pro
1592 1348 1815 1408 parentes
1873 1343 2130 1393 edendum
2194 1346 2502 1410 curavimus,

1435 1420 1660 1481 scriptos
1675 1419 1862 1483 secuti,
1889 1426 2141 1484 quotquot
2162 1421 2500 1485 inspeximus,

1435 1497 1478 1545 si
1502 1511 1660 1545 uuum
1689 1497 1986 1546 Palatinum
2024 1499 2326 1548 recentioris
2355 1505 2498 1550 notae

1436 1572 1669 1636 excipis:
1704 1574 1835 1623 male
1857 1586 1972 1622 eam
1997 1574 2270 1623 lectionem
2290 1572 2500 1625 damnat

1436 1648 1700 1699 Bartbius.
1764 1650 1846 1698 De
1882 1649 2069 1699 Anniis
2092 1657 2147 1700 et
2169 1650 2369 1701 Aniciis
2389 1650 2500 1702 Au·

1439 1724 1614 1775 sonins
1635 1727 1880 1775 nonnulla
1892 1727 2061 1791 Epist.
2076 1741 2161 1779 111.
2185 1736 2240 1777 et
2264 1728 2501 1779 Pruden-

1437 1803 1539 1852 tius
1558 1816 1656 1851 non
1681 1816 1781 1853 uno
1805 1805 1940 1855 loco.
2006 1803 2175 1855 Anicii
2213 1802 2501 1858 Quaestoris

1437 1880 1532 1928 sub
1556 1881 1878 1944 Constantio,
1895 1880 2114 1930 hominis
2135 1881 2503 1945 potentissimi,

1439 1957 1673 2006 meminit
1696 1957 1992 2008 Ammianus
2006 1959 2363 2021 Marcellinus,
2377 1954 2500 2011 libr.

1439 2046 1555 2084 xv1.
1589 2035 1605 2062 ‘
1626 2035 1873 2086 Quaestor
1901 2034 1957 2083 in
1992 2034 2137 2084 Urbe
2161 2034 2389 2098 Anicius,
2410 2032 2501 2100 qui

1439 2110 1492 2159 iu
1538 2112 1731 2176 regiam
1773 2112 2156 2162 aemulationem
2191 2113 2503 2176 posteritate

1440 2188 1676 2246 teudenS,
1695 2188 1876 2237 satiari
1895 2202 2173 2252 numquam
2194 2189 2368 2252 potuit
2383 2198 2502 2239 cum

1438 2266 1759 2328 possessione
1804 2265 1968 2314 multo
2007 2265 2206 2328 majore
2225 2265 2257 2315 :'
2287 2271 2343 2316 et
2376 2276 2502 2315 sane

1436 2341 1550 2391 haee
1572 2340 1770 2391 familia
1793 2342 1859 2390 ad
1877 2342 2260 2406 imperatoriam
2281 2343 2503 2406 dignita·

1436 2423 1545 2468 tem
1569 2424 1691 2481 post
1705 2425 1893 2467 evecta
1913 2425 2009 2468 est.
2060 2418 2130 2468 D.
2150 2418 2322 2467 Heius.

1500 2499 1535 2543 9
1566 2494 1824 2558 Anniudoe]
1846 2494 1908 2543 Iu
1929 2511 1975 2544 v.
1999 2495 2223 2544 codicib.
2242 2495 2316 2544 ita
2338 2494 2504 2559 scr-ipa·

1440 2579 1582 2630 tum:
1617 2571 1709 2619 sed
1730 2569 1944 2620 Ausonii
1963 2578 2113 2621 vetus
2133 2570 2268 2619 liber
2282 2569 2347 2618 de
2372 2570 2503 2619 Pro·

1435 2647 1535 2696 bo:
1571 2651 1585 2676 ⁴
1611 2647 1799 2712 Stirpis
1813 2656 2030 2697 novator
2053 2646 2255 2697 Amuiae
2273 2647 2306 2697 :'
2334 2653 2394 2697 et
2416 2662 2502 2697 ve-

1439 2731 1523 2774 tus
1545 2740 1771 2775 marmor
1796 2724 1984 2774 habet:
2023 2724 2040 2752 ‘
2063 2722 2278 2773 Amnios
2318 2723 2386 2773 de
2417 2734 2503 2772 ea·

1437 2802 1558 2851 dem
1582 2808 1735 2864 gente
1751 2801 1785 2851 :'
1819 2808 1874 2850 at
1890 2800 1988 2850 fnit
2004 2814 2191 2849 nomen
2208 2800 2360 2849 Annii
2375 2800 2500 2849 olim

1438 2879 1781 2938 celebratum,
1810 2885 1867 2926 et
1899 2881 2072 2926 exstat
2106 2875 2263 2925 Annii
2293 2875 2502 2925 Paulini

1437 2962 1823 3004 mouumentum
1846 2954 2065 3017 insigne,
2096 2968 2247 3017 quem
2270 2952 2505 3016 stispicor

1439 3030 1644 3081 affinem
1679 3031 1798 3079 huic
1837 3032 2038 3081 domui:
2073 3030 2165 3079 sed
2207 3031 2338 3093 lapis
2372 3029 2506 3080 auti·-

1441 3122 1571 3173 quns
1619 3107 1805 3157 ideone
1860 3114 2106 3172 arguetur
2155 3106 2307 3156 falsi?
2361 3105 2502 3156 forte

1440 3186 1723 3248 sculptoris
1748 3186 1930 3234 vitium
1948 3191 2049 3246 est,
2074 3190 2164 3232 aut
2180 3186 2287 3248 ejus
2313 3185 2505 3250 quide*

1440 3263 1666 3326 scripsit.
1700 3262 2052 3311 Prudentius:
2075 3263 2090 3289 ‘
2111 3258 2405 3309 Anniadum
2426 3274 2504 3311 so·

1442 3339 1605 3402 boles,
1652 3347 1709 3389 et
1750 3338 1946 3388 semina
1991 3338 2135 3386 clara
2178 3335 2504 3387 Proborum.'

1444 3416 1703 3465 Cluverius.

1508 3492 1818 3555 Ductoribus]
1862 3489 2185 3550 Consulibus,
2222 3488 2309 3552 qui
2346 3488 2506 3538 duces

1442 3569 1577 3618 anui.
1618 3568 1807 3630 Papin.
1844 3581 1919 3617 tv.
1962 3567 2147 3615 Silvar.
2186 3572 2232 3615 1.
2271 3566 2287 3594 ⁴
2311 3567 2503 3615 lucem-

1441 3660 1543 3708 que
1570 3661 1601 3694 a
1642 3644 1864 3694 Consule
1904 3644 2050 3693 ducit
2091 3642 2277 3692 Omnis
2315 3638 2506 3693 honos?

1443 3722 1621 3771 Barth.

1509 3804 1572 3847 10
1605 3799 1879 3847 Instaurure
1913 3798 2039 3860 eius]
2086 3799 2382 3847 Recentare
2420 3810 2508 3848 an·

1441 3889 1554 3935 nos,
1576 3882 1631 3924 et
1647 3873 1887 3924 felicibus
1908 3875 2072 3924 titulis
2090 3885 2333 3924 mactare.
2400 3876 2504 3925 Pa-

1441 3952 1706 4014 pinianum
1719 3959 1800 4000 est
1819 3967 1883 4000 ex
1898 3952 2079 4001 eodem
2103 3953 2348 4015 carmine,
2369 3952 2508 4003 Jano

1443 4028 1700 4077 Caesarem
1726 4029 2051 4093 alloquente:
2087 4029 2296 4089 ‘.Salve,
2321 4040 2503 4091 magne
2547 4024 2561 4033 ”

1443 4120 1634 4169 parens
1655 4106 1850 4167 mundi,
1879 4106 1969 4170 qui
1987 4107 2175 4155 saecula
2197 4118 2397 4154 mecum
2416 4097 2505 4154 In-

1443 4191 1678 4232 staurare
1697 4181 1885 4245 paras.’
1941 4184 2117 4233 Barth.

1456 4280 1461 4287 ·
1506 4259 1695 4310 Addere
1714 4259 1858 4321 nom]
1915 4259 2139 4311 Honoris
2179 4258 2342 4322 ipsius
2382 4256 2511 4308 anni

1442 4337 1628 4405 gratia.
1682 4339 1876 4395 Noster
1897 4336 2055 4402 alibi,
2088 4340 2103 4366 ‘
2121 4342 2339 4386 ornatur
2381 4337 2510 4387 For-
