3034 4934
974 432 977 435 ,
1050 385 1132 441 IN
1182 391 1537 442 RUFINUM
1585 390 1732 444 Lm.
1778 391 1831 439 1.
1890 413 1898 432 s

359 569 382 582 .‹
412 539 505 590 161
559 534 793 599 Penates]
844 535 1027 600 Ipsum
1072 534 1405 600 domicilium,

342 613 485 678 ipsos
522 618 715 677 postes.
762 612 946 676 Virgil.
994 611 1085 661 lib.
1130 625 1253 663 vm.
1301 613 1316 640 ‘
1342 626 1404 660 ac

340 689 534 740 nostris
579 689 800 740 succede
850 688 1125 753 penatibus
1178 686 1402 753 hospes?

409 846 505 891 163
562 842 784 908 Metalce]
848 841 994 892 Auro
1058 842 1162 890 κατ’
1210 840 1401 905 ἐξοχήν.

411 999 508 1052 164
540 994 700 1045 Auara
737 995 964 1045 Pascitur
1006 993 1207 1059 intuitu]
1255 996 1404 1046 Sum-

340 1086 479 1132 mam
510 1073 854 1136 cupiditatem
889 1074 1025 1123 oculi
1049 1074 1194 1125 velut
1236 1073 1404 1138 praeli-

338 1149 500 1202 baut:
536 1157 593 1199 et
624 1158 828 1213 partem
866 1166 1026 1208 exse
1071 1151 1253 1215 cupita
1287 1148 1404 1216 ipso

339 1224 812 1296 intuitu-hauriunt.
856 1226 1033 1276 Barth.

411 1305 504 1351 165
562 1302 788 1352 Pascitur
825 1301 1029 1365 inuita]
1084 1302 1302 1367 Gyrald.
1346 1310 1404 1354 et

318 1375 323 1379 ’
341 1377 561 1435 Lucens.
580 1383 785 1443 aspectu.

408 1458 502 1503 165
535 1454 617 1506 Aa
632 1454 813 1545 primu]
833 1456 1227 1507 Graecanicum.
1213 1471 1227 1484 ·
1254 1452 1319 1503 εἰς
1338 1453 1403 1504 τὰ

342 1550 525 1597 τρωτα,
570 1533 743 1597 primo.
793 1534 966 1593 Maro,
998 1534 1087 1584 lib.
1127 1547 1180 1583 v.
1239 1532 1256 1560 ‘
1279 1534 1401 1582 Non

332 1610 444 1680 jam
463 1609 631 1675 prima
652 1617 777 1675 peto
801 1610 1112 1662 Mnesteus?
1156 1611 1228 1660 Ει
1263 1608 1405 1674 alibi,

334 1691 354 1718 ‘
381 1690 560 1739 Prima
596 1694 755 1740 tenet
785 1691 1072 1755 plausuque
1115 1690 1273 1774 volat,
1304 1688 1404 1740 sre-

339 1765 575 1831 mituque
595 1765 856 1817 secundo?

412 1840 662 1904 Tumebat]
697 1843 879 1892 Elatus
917 1840 1176 1906 superbia,
1217 1842 1285 1893 ob
1323 1856 1405 1893 ac·

340 1893 626 1968 cessionem
651 1924 910 1969 tantarum
933 1934 1122 1982 opum..
1161 1921 1339 1970 Barth.

407 2000 504 2045 166
535 1996 795 2060 Moeonius]
813 1997 986 2046 Midas
1005 1998 1118 2046 Rex
1133 1997 1407 2061 Phrygiae·
1392 2032 1408 2059 ,

339 2068 613 2138 Lydiaeve‚
636 2080 698 2124 ιιι
729 2074 837 2125 alii.
886 2074 987 2123 Vel
1022 2067 1313 2139 utriusque,
1344 2079 1406 2124 ut

342 2150 583 2214 Ovidius.
628 2150 807 2201 Barth.

408 2230 502 2275 167
521 2226 797 2290 Revinctos]
819 2226 967 2277 Idem
985 2233 1070 2277 est
1086 2242 1147 2277 ac
1165 2226 1209 2277 si
1224 2227 1405 2277 vinctos

342 2300 577 2360 dixisset.
628 2302 814 2366 virgil.
850 2302 939 2354 lib.
978 2314 1083 2353 xu.
1128 2303 1145 2330 ‘
1167 2303 1403 2354 recalent

339 2372 518 2430 nostro
539 2378 788 2428 Tiberina
807 2377 1009 2430 fluenta
1028 2379 1289 2443 Sanguine
1315 2378 1405 2429 ad·
1405 2397 1412 2402 ·

339 2454 476 2508 buc?
510 2455 688 2505 Barth.
733 2454 867 2519 quod
892 2455 1216 2506 tantumdem
1236 2460 1319 2506 est
1341 2469 1403 2506 ac

343 2531 387 2582 si
409 2532 562 2582 calent
584 2532 814 2582 dixisset.
845 2533 1024 2584 Barth.

407 2614 504 2660 168
543 2610 716 2662 Munus
753 2608 992 2672 acerbum]
1031 2609 1278 2674 Naxium,
1314 2623 1403 2660 no-

342 2702 518 2750 cuum,
542 2687 854 2737 contrarium
878 2686 989 2737 sibi.
1033 2688 1210 2737 Barth.

410 2768 505 2814 169
556 2764 716 2814 1ηυίεο
768 2769 926 2813 votum
973 2764 1240 2828 damnavit]
1284 2765 1405 2814 Ful·

344 2842 574 2907 gentius,
616 2842 908 2906 Mytholog.
945 2840 1035 2892 lib.
1071 2855 1132 2890 11.
1167 2856 1284 2906 cap.
1323 2846 1403 2900 14.

343 2922 362 2972 ‘.
406 2920 556 2970 Mida
609 2921 724 2969 Rex
777 2917 1073 2982 Apollinem
1115 2920 1290 2984 petiit,
1346 2925 1407 2969 ut

342 2995 587 3061 quicquid
645 2995 927 3058 tetigisset,
997 3005 1178 3045 aurum
1238 2996 1405 3048 fieret.

344 3071 579 3137 Cumque
601 3072 993 3144 promeruisset,
1026 3087 1211 3122 munus
1243 3071 1295 3121 in
1328 3075 1404 3130 ul·

343 3148 539 3198 tionem
562 3163 866 3199 conversum
901 3156 1001 3213 est,
1038 3149 1302 3215 coepitque
1325 3151 1404 3201 sui

342 3225 457 3273 voti
479 3222 669 3275 effectu
693 3227 941 3291 torqueri.
999 3226 1132 3275 Nam
1156 3227 1403 3292 quicquid

338 3299 613 3365 tetigerat,
647 3316 827 3352 aurum
852 3302 1028 3352 statim
1050 3300 1403 3354 efficiebatur·
1389 3339 1405 3366 ,

343 3383 459 3434 erat
490 3392 614 3442 ergo
648 3378 926 3429 necessitas
948 3392 1119 3437 aurea,
1154 3379 1408 3444 locuples·

344 3468 449 3519 que
461 3454 718 3519 penuria,'
748 3458 847 3505 &c-

409 3531 574 3583 Inviso
613 3533 751 3596 auro]
803 3533 1161 3597 Ovidiusque:
1197 3532 1214 3560 ‘
1240 3532 1406 3584 ‹lives-

344 3623 449 3674 que
472 3609 729 3675 miserque
746 3607 996 3672 Effugere
1017 3613 1170 3671 optat
1183 3622 1328 3671 opes,
1350 3615 1409 3659 et

344 3699 461 3752 quae
483 3687 637 3736 modo
662 3692 888 3751 voverat,
912 3685 1042 3747 odit,
1074 3684 1239 3749 Copia
1268 3687 1409 3742 nulla
1435 3742 1459 3750 κ

342 3760 532 3811 famem
577 3762 798 3824 relevat,
844 3762 956 3811 sitis
1019 3760 1164 3809 arida
1227 3768 1408 3824 guttur

343 3838 493 3906 Urit,
525 3844 582 3889 et
603 3838 769 3888 inviso
798 3838 1013 3889 meritus
1050 3845 1320 3903 torquetur
1342 3839 1406 3889 ab

346 3928 491 3964 auro.
493 3913 509 3936 '
577 3915 724 3964 Scite
764 3928 886 3964 vero
931 3914 1152 3979 glaciem
1193 3913 1406 3977 fulvam,

347 4005 531 4041 aurum
554 4004 619 4040 ex
641 4006 775 4056 aqua
795 3992 980 4046 vinove
997 3991 1194 4042 factum
1211 4007 1407 4042 nuncu·

346 4074 464 4134 pat,
485 4074 546 4117 ιιι
567 4068 789 4117 niveam.

413 4144 583 4212 Inyiso
585 4150 744 4195 votum
758 4144 1029 4195 damnavit
1009 4160 1063 4194 m
1074 4133 1215 4208 auro]
1231 4141 1408 4209 Scrip-

349 4221 395 4271 ti
420 4218 626 4286 quidam
649 4222 830 4274 invito:
853 4236 1141 4310 perperam.
1165 4221 1322 4272 Ovid.
1339 4221 1408 4271 de

351 4296 535 4350 eodem
558 4297 773 4364 Midas
795 4304 852 4349 et
880 4298 1045 4349 inviso
1067 4299 1281 4351 meritus
1301 4304 1409 4352 tor-

2371 326 2551 452 1245

1481 541 1674 601 quetur
1693 537 1748 586 in
1772 539 1927 586 auro!
1973 537 2044 588 D.
2068 535 2240 587 Heius.

1547 617 1644 662 170
1680 615 1813 675 Ergo
1827 612 1976 663 animi
1991 612 2166 676 victus]
2189 611 2415 662 Animum
2426 608 2553 662 Pri-

1483 704 1724 740 caeanus:
1759 690 1968 740 frustra.
2004 690 2191 754 Virgil.
2226 690 2243 717 ‘
2267 689 2549 740 Immemor

1481 766 1602 828 heu,
1622 766 1891 832 victusque
1914 766 2069 815 animi
2093 766 2357 830 respexit!
2405 765 2548 817 Ade-

1482 853 1639 893 antur
1683 844 1959 909 quae'bello
1997 843 2272 894 Gildonico
2309 849 2547 895 notamus

1481 935 1535 971 v.
1567 925 1684 970 281.
1733 921 1813 971 Id.

1545 996 1714 1047 Animi
1741 995 1917 1059 victus]
1952 996 2313 1047 Maronianum
2347 997 2547 1061 Georg'.¹

1481 1075 1619 1124 1v.‘
1642 1074 1919 1124 Immemor
1941 1075 2060 1137 beu,
2090 1075 2362 1138 victusque
2385 1072 2545 1124 animi

1479 1150 1746 1215 respexit.
1759 1150 2138 1215 SicApulems,
2153 1150 2285 1201 libro
2294 1163 2380 1199 ·.1v
2400 1150 2546 1248 (aui-

1481 1227 1552 1283 mi
1575 1228 1783 1279 saucia?

1493 1305 1799 1370 Sequimur
1818 1320 2085 1370 quocunque
2118 1305 2326 1367 vocabis]
2361 1305 2546 1355 Excla-

1479 1345 1640 1435 matio
1683 1385 1837 1437 victae
1878 1384 2177 1445 voluntatis,
2233 1383 2546 1446 Virgil.1v.

1479 1460 1500 1487 ‘
1522 1461 1789 1526 sequimur
1813 1468 1886 1525 te,
1919 1468 2095 1510 sancte
2118 1460 2366 1521 Deorum,
2389 1460 2544 1512 Quis·

1479 1539 1595 1606 quis
1617 1553 1695 1604 es,
1720 1540 2039 1606 imperioque
2076 1540 2264 1602 iterum
2302 1541 2546 1625 paremus

1479 1618 1747 1668 ovanteis!
2406 1637 2411 1642 ⁷

1490 1738 1496 1754 ,
1547 1696 1653 1744 173
1678 1694 2014 1758 Instabilesque
2033 1693 2168 1758 olim]
2212 1692 2321 1742 Diu
2339 1689 2440 1740 duo
2459 1697 2548 1741 ve·

1479 1776 1636 1834 teres,
1669 1778 1775 1821 tres
1811 1771 1994 1821 vocaris
2035 1784 2129 1835 pro
2165 1769 2348 1819 vocabis
2386 1769 2545 1832 paulo

1482 1852 1621 1908 ante.
1655 1847 1908 1897 Instabiles
1938 1846 2089 1911 prim.
2129 1846 2303 1898 Vatic.
2344 1852 2399 1895 et
2436 1847 2544 1895 tres

1480 1922 1587 1973 alii.
1632 1924 1703 1973 D.
1737 1923 1908 1973 Heius.
1994 1931 1999 1934 ’

1546 1999 1887 2064 Instabilesque
1908 2000 2018 2050 slim
2047 1999 2408 2065 Symplegades]
2444 1999 2550 2063 Cy-

1480 2078 1598 2128 anei
1627 2078 1846 2141 scopuli,
1878 2078 2001 2143 quia
2037 2076 2371 2141 fingebantur
2404 2077 2547 2127 colli-

1482 2153 1555 2218 di,
1619 2154 2027 2219 symplegadum
2054 2193 2063 2202 .
2089 2168 2276 2203 nomen
2351 2160 2546 2204 nactae.

1479 2230 1699 2293 Strabo,
1721 2231 1812 2282 lib.
1828 2244 1915 2281 ιιι.
1961 2231 2049 2279 De
2070 2229 2291 2295 Cyaneis
2307 2230 2546 2293 Symple-

1481 2307 1701 2372 gadibus
1725 2307 1843 2357 vide
1868 2306 2198 2370 'Apollonium
2213 2306 2329 2356 late
2364 2305 2454 2357 lib.
2477 2320 2552 2359 11:

1479 2383 1747 2434 Valerium
1791 2383 2052 2446 Flaccum,
2107 2388 2163 2432 et
2220 2382 2549 2433 Scholiastas.

1481 2461 1662 2512 Barth.
2264 2481 2269 2486 ·

1548 2537 1890 2600 Instabilesque
1904 2536 2038 2600 olim]
2084 2489 2224 2586 Ante
2261 2536 2545 2623 navigatio-

1480 2628 1599 2665 nem
1622 2613 2062 2679 Argonautarum,
2100 2612 2320 2662 testibus
2353 2611 2416 2661 iis
2455 2611 2546 2677 qui

1479 2686 1842 2753 Argonautica
1856 2687 2292 2752 conscripserunt.
2352 2687 2547 2739 Deli-io.

1548 2771 1645 2818 174
1699 2763 1995 2827 Thessalicis]
2066 2764 2386 2828 mimarum,
2410 2805 2413 2810 .
2440 2778 2543 2829 quo

1479 2843 1687 2894 nomine
1709 2848 1955 2894 censetur
1985 2839 2081 2891 flos
2119 2840 2377 2890 universas
2397 2839 2547 2890 Grae‘·

1481 2919 1579 2970 cia».
1602 2934 1667 2969 ea
1688 2924 2019 2983 tempestate.
2066 2917 2331 2966 Catullus:
2366 2916 2381 2943 ‘
2414 2917 2549 2970 Cum
2590 2965 2599 2970 ,

1476 2997 1605 3047 lecti
1627 2997 1867 3062 juvenes,
1907 2993 2119 3058 Argivae
2143 2992 2334 3044 robora
2369 2993 2546 3056 pubis,

1478 3073 1612 3125 Ausi
1635 3080 1757 3125 sunt
1785 3072 1921 3123 vada
1957 3072 2093 3123 salsa
2132 3070 2241 3121 cita
2264 3069 2545 3121 decurrere

1482 3150 1688 3216 puppi.’
1751 3149 1916 3201 Jasou
1968 3154 2143 3198 autem
2199 3145 2546 3211 expeditionis

1481 3233 1667 3280 auctor
1705 3226 2001 3276 Thessalus.
2081 3223 2255 3273 Valer.
2298 3223 2546 3273 Flaccusz

1478 3302 1494 3330 ‘
1518 3301 1741 3352 Debitus
1764 3302 1885 3352 Eois
1905 3300 2011 3350 dux
2031 3300 2308 3350 'Ihessalus
2344 3297 2551 3421 appulit

1479 3377 1619 3428 oris?
2510 3405 2517 3412 ,

1548 3456 1687 3504 Celsa
1727 3454 1973 3517 Bosporus
2011 3450 2148 3513 urbe]
2209 3451 2545 3514 Bosporus,a

1481 3529 1627 3578 bovis
1649 3527 1855 3579 meabili
1892 3527 2116 3577 transitu
2146 3527 2221 3576 sic
2257 3526 2448 3589 dictus,
2483 3532 2546 3577 ut

1482 3608 1558 3656 ait
1580 3607 1718 3665 Plin.
1748 3607 1836 3657 lib.
1860 3620 1937 3656 vi.
1961 3603 2077 3669 cap.
2101 3609 2148 3655 1.
2182 3604 2377 3667 duplex
2408 3610 2546 3666 erat,

1482 3682 1786 3733 Cimmerius
1832 3688 1888 3731 et
1921 3678 2196 3740 Thracius3
2247 3680 2329 3728 hic
2366 3686 2545 3728 autem

1481 3759 1549 3809 de
1573 3759 1876 3822 posteriore,
1911 3758 2001 3823 qui
2027 3756 2201 3808 Asiam
2232 3755 2300 3806 ab
2331 3756 2548 3820 Europa

1481 3835 1724 3899 sejungit.
1778 3834 1908 3885 Isid.
1947 3833 2014 3884 de
2055 3846 2117 3882 eo
2154 3833 2243 3884 lib.
2268 3846 2547 3897 x111.,cap.

1477 3916 1562 3963 16.
1595 3918 1651 3961 et
1673 3912 1949 3961 Petronius
1973 3911 2144 3974 Satyr.
2194 3909 2212 3939 ‘
2248 3910 2565 3973 veneratus·

1481 3994 1595 4037 erat
1611 3986 1860 4036 submissa
1871 3987 2132 4049 Bosporus
2148 3983 2323 4035 uuda.'
2348 3984 2547 4049 Othry-

1479 4064 1569 4113 siae
1608 4077 1712 4116 orae
1753 4070 1874 4112 sunt
1913 4064 2155 4126 Europa:
2204 4075 2322 4111 nam
2365 4060 2549 4130 Otbrus

1479 4153 1628 4189 mons
1688 4145 1772 4189 est
1851 4139 2156 4201 Thessaliae,
2205 4136 2551 4202 Lapitharum

1480 4218 1650 4282 sedes,
1684 4217 1822 4276 Plin.
1862 4216 1952 4267 lib.
1990 4228 2064 4266 w.
2114 4229 2227 4280 cap.
2267 4218 2318 4266 8.
2344 4214 2557 4270 ,valen

1482 4297 1657 4350 Fiaec.
1679 4295 1878 4362 Argon.
1913 4294 2079 4348 lib.·1.·
2099 4292 2167 4345 de
2189 4292 2342 4345 Pelia
2357 4292 2420 4348 ἐκ·
2444 4292 2545 4347 lue
