3034 4934
525 354 699 431 ΠΜ

1175 371 1292 422 οι..
1326 371 1776 439 maumam
1821 372 2065 427 nxvu.

608 514 750 577 Οὐδ’
776 517 945 576 ἔθελε
969 521 1241 595 'mysteri-e.
1267 516 1464 595 πορεῒιὶ
1490 515 1803 595 ἐτιβᾶθρον
1827 516 2046 579 ἀοιδάς.

602 613 858 675 Τοῦνεκά
881 639 991 694 μευ
1017 617 1259 691 θώρηξεν
1288 615 1374 675 ἰὸν
1394 615 1698 694 πολύμητις
1717 618 1961 690 ἀνάγκη.

1158 785 1748 837 INTERPRETATIO
1783 785 2103 837 POETICA

974 881 1051 930 Et
1075 888 1219 944 negat
1248 885 1371 932 hane
1389 881 1521 944 fem
1547 884 1758 948 pPoebere
1790 885 1840 934 in
1868 885 2072 949 proemiu
2102 889 2285 935 cunm.

975 947 1123 997 Hunc
1148 950 1271 1012 petit
1303 950 1414 998 iude
1445 951 1562 999 meis
1590 964 1692 999 sors
1715 951 1959 1014 ingenium
1987 951 2202 1014 sagittis.
2257 976 2268 984 ·

1186 1078 1777 1133 INTERPRETATIO
1815 1082 2053 1135 PROSA

519 1173 673 1252 dorso
692 1179 973 1239 portasset,
1007 1178 1175 1253 nequ'e
1197 1178 1407 1228 volebat
1437 1178 1556 1227 mihi
1586 1179 1842 1230 laboranti
1872 1181 1998 1231 dare
2027 1180 2080 1231 in
2110 1181 2340 1247 pretium
2361 1184 2574 1232 cautas.
2642 1178 2733 1229 Ϊᾶὶ

521 1240 663 1290 circo
684 1254 852 1290 meum
875 1241 1095 1293 armavit
1118 1243 1315 1292 telum·
1299 1245 1571 1308 ingeniosa
1592 1245 2392 1297 necessitas..

1441 1390 1618 1411 OOO‘OO
1625 1389 1798 1412 ‘Um‘

581 1488 613 1534 ⁸
662 1484 826 1538 ἔειλεν
858 1491 996 1555 conj.
1025 1490 1185 1542 Gesn.
1219 1492 1375 1543 ἀοιδὰς
1399 1492 1584 1546 Heius.
1618 1494 1776 1555 ἀοιδῆς
1798 1444 1959 1561 Cang.
1989 1493 2137 1559 ἀοιδᾷ
2172 1492 2354 1546 Reisk.
2376 1492 2540 1545 Gesn.
2561 1497 2619 1543 et
2640 1492 2726 1557 ed,

518 1549 734 1617 Bipont.
736 1558 834 1604 -4
867 1554 1037 1621 θώρηξε
1057 1554 1166 1608 νόον
1187 1559 1327 1622 conj.
1351 1559 1526 1610 Reisk.

1514 1708 1728 1760 No'rAE

512 1844 629 1882 rum
650 1834 850 1886 clarum
890 1838 1116 1904 Larium,
1153 1839 1343 1905 linguae
1368 1840 1577 1892 Graecae

514 1908 897 1972 peritissimum.

577 1985 696 2036 Hoc
713 1987 960 2040 Graecum
983 1982 1298 2060 epigramma
1329 1993 1380 2043 ln
1399 1995 1574 2046 multis

511 2062 778 2116 codicibus
811 2082 914 2117 non
939 2077 1122 2131 extat3
1157 2071 1210 2120 iu
1232 2072 1381 2136 hujus
1402 2074 1574 2123 verbis

512 2144 568 2189 et
592 2140 763 2204 phrasi
781 2145 919 2194 nulla
934 2144 1230 2210 difficultas,
1246 2155 1302 2197 at
1318 2163 1433 2198 cum
1453 2164 1574 2200 acu-

508 2214 624 2265 inen
649 2226 704 2268 et
741 2235 936 2284 sensus,
960 2224 1063 2288 .qui
1093 2226 1316 2276 maxime
1334 2234 1572 2291 spectan-

508 2292 604 2341 dus
623 2300 725 2356 est,
746 2299 1026 2360 excutitur,
1048 2300 1238 2364 OEdipo
1261 2310 1405 2351 certe
1443 2317 1574 2393 opus

509 2381 645 2431 esse,
665 2385 767 2420 nou
803 2373 925 2422 mihi
965 2381 1184 2439 tautum,
1218 2378 1273 2429 id
1311 2380 1448 2443 qnod
1479 2382 1573 2431 mi-

505 2458 622 2493 rum
646 2458 751 2495 non
773 2456 931 2511 esset,
954 2450 1044 2500 sed
1069 2460 1123 2500 et
1146 2453 1257 2502 aliis
1278 2456 1432 2519 longe
1455 2471 1571 2506 eru-

505 2520 774 2573 ditioribus
787 2539 848 2574 ac
862 2527 1334 2592 perspicacioribus
1349 2534 1574 2587 videtur.

508 2596 820 2651 Claudianus
862 2601 1040 2654 forsan
1085 2621 1243 2672 agens
1288 2624 1571 2674 pauperem

507 2674 730 2740 aliquem
756 2676 1001 2745 Po'e‘tam,
1033 2698 1150 2734 eum
1182 2684 1369 2737 irridet
1392 2687 1570 2736 tradu-

503 2751 702 2816 citqne,
740 2755 880 2820 quod
917 2772 1034 2807 cnm
1060 2761 1269 2810 naulum
1291 2776 1391 2811 non
1414 2763 1568 2813 habe-

503 2833 606 2891 ret,
640 2844 860 2897 cumque
890 2834 956 2883 ad
998 2835 1326 2899 Heliconem,
1368 2846 1461 2891 aut
1498 2842 1565 2892 ad

500 2903 770 2972 Templum
808 2908 1068 2976 Apollinis
1112 2915 1358 2982 Palatini,
1391 2925 1565 2971 vatum

502 2981 747 3045 poemata
767 2987 1058 3054 auditurus,
1095 2999 1186 3043 aut
1205 3009 1296 3044 sua
1317 2996 1565 3058 lecturus,

503 3059 752 3125 venisset,
801 3077 952 3116 servo
1001 3067 1227 3132 cuidam,
1279 3073 1365 3136 qui
1423 3074 1574 3122 sellas

503 3132 570 3182 ad
594 3135 906 3189 audiendum
923 3143 1264 3209 conduceret,
1282 3160 1461 3197 versus
1476 3163 1569 3199 seu

503 3217 683 3262 cantus
705 3212 929 3268 officiose
951 3219 1221 3284 obtulerit,
1239 3238 1453 3288 sperans
1469 3226 1567 3277 bac

500 3289 707 3341 honoris
741 3293 945 3346 homnlo
980 3296 1142 3351 delati
1174 3300 1368 3364 specie,
1391 3303 1570 3354 sellam

500 3381 615 3420 sese
639 3371 797 3434 gratis
815 3387 973 3437 posse
989 3375 1242 3428 obtinere.
1260 3378 1411 3430 Quod
1421 3396 1568 3445 ,cum

498 3447 611 3510 spei
635 3462 736 3497 nou
749 3450 1133 3523 respondisset,
1156 3469 1220 3504 eo
1241 3456 1470 3524 poe'tam,
1505 3467 1569 3511 nt

498 3531 582 3574 est
602 3523 620 3553 ‘
641 3539 803 3589 genus
825 3527 1077 3579 irritabile
1101 3531 1309 3597 vatum,’
1343 3533 1568 3600 impulit,

498 3601 630 3650 utin
652 3616 853 3654 servum
872 3605 1052 3656 illum‘
1067 3608 1440 3660 lucubrationis
1456 3627 1566 3662 snae

499 3676 696 3746 tselum
727 3685 785 3728 ut
817 3681 891 3734 ait
914 3680 980 3732 dc
1005 3684 1245 3749 Caligula
1263 3687 1566 3757 Suetonius,

493 3752 509 3780 ‘
535 3752 855 3827 stringeret!
886 3758 1015 3810 Qnae
1038 3775 1122 3811 res
1144 3762 1317 3838 arguit
1341 3763 1563 3818 Poetam

496 3842 780 3893 pauperem
819 3839 873 3883 et
910 3834 1214 3902 ridiculum;
1260 3852 1564 3908 pauperem,

1660 1840 1749 1908 qui
1787 1856 1884 1907 pro
1924 1842 2149 1908 pecunia
2185 1838 2508 1892 mercenario
2543 1850 2730 1890 versus

1659 1919 1987 1984 obtruderet,
2025 1918 2321 1982 ridiculum,
2365 1919 2452 1985 qui
2485 1918 2542 1968 in
2586 1916 2726 1993 istud

1657 1995 1876 2046 hominis
1913 1992 2187 2048 scriberet.
2252 1997 2335 2046 En
2368 1995 2496 2045 levis
2522 1986 2725 2065 conjeca
2767 2050 2774 2059 ,

1660 2076 1794 2136 tura,
1831 2074 1963 2125 cedo
2000 2073 2285 2137 meliorem,
2322 2078 2380 2122 et
2413 2071 2724 2136 amplector.

1657 2151 1904 2202 Ceterum
1924 2166 1986 2202 eo
2023 2166 2106 2201 me
2144 2150 2298 2202 facile
2322 2148 2510 2199 adduci
2533 2146 2724 2213 patiar,

1653 2235 1713 2278 ut
1751 2245 1866 2280 cum
1903 2229 2023 2279 viris
2046 2228 2350 2295 quibusdam
2372 2225 2592 2277 eruditis
2612 2238 2725 2277 cre·

1655 2306 1774 2356 dam
1813 2307 1864 2356 in
1898 2307 1995 2356 hoc
2034 2307 2408 2371 epigrammate
2439 2304 2608 2354 latere
2633 2292 2724 2352 ali-

1653 2382 1776 2447 quid
1813 2383 2168 2434 obscoenitatis
2205 2391 2261 2434 et
2297 2380 2570 2448 nequitiae,
2605 2386 2722 2445 qum!

1653 2473 1756 2508 nou
1797 2465 1900 2511 tam
1936 2460 2128 2522 verbis,
2164 2472 2314 2525 quam
2356 2457 2583 2519 silentio,
2616 2468 2721 2506 nou

1653 2540 1762 2585 tam
1790 2537 1925 2599 luce,
1962 2551 2113 2601 quam
2140 2536 2369 2586 tenebris
2390 2540 2446 2586 et
2467 2535 2590 2601 igne
2612 2535 2723 2600 pia·

1649 2612 1816 2660 culari
1836 2611 1990 2676 digna
2007 2612 2074 2662 sit
2084 2611 2392 2677 judicanda.

1715 2692 1745 2738 1
1779 2689 2053 2752 ‘Marad
2122 2690 2233 2740 Per
2286 2688 2611 2752 Heliconem,
2661 2694 2721 2739 ut

1651 2763 1780 2827 dixi,
1799 2765 2189 2830 intelligendum
2226 2772 2311 2814 est
2337 2766 2612 2829 Templum
2645 2765 2722 2817 A·

1647 2840 1854 2904 pollinis
1879 2841 2128 2905 Palatini,
2147 2842 2284 2909 quod
2308 2840 2596 2906 Augustus,
2613 2842 2717 2892 An»

1647 2917 1789 2967 tonio
1828 2924 1881 2968 et
1918 2918 2203 2983 Cleopatra
2236 2918 2466 2982 divictis,
2491 2935 2556 2969 ex
2590 2936 2720 2971 ιιιιιι·

1645 3007 1789 3045 more
1811 2998 2122 3060 construxit,
2142 2996 2229 3045 ubi
2258 2997 2544 3049 Poetarum
2582 2999 2716 3051 iuun-

1653 3072 1867 3122 trium‘
1891 3074 2142 3140 imagines
2166 3072 2468 3127 lambebant
2504 3074 2713 3129 hedera

1651 3150 1940 3216 sequaces!

1716 3232 1746 3277 3
1779 3227 2084 3294 Ἐπιβάθρον]
2131 3231 2228 3280 Vir
2270 3231 2480 3298 quidam
2530 3232 2717 3283 doctus

1648 3304 1781 3368 legit
1823 3303 2098 3371 ἐπιβάθραν,
2138 3322 2369 3358 accessum
2410 3311 2475 3358 ad
2514 3312 2718 3374 eman,

1645 3394 1730 3430 seu
1759 3382 2066 3433 Parnassum.

1711 3461 1744 3507 4
1778 3457 2051 3521 Πολύμητις
2084 3458 2293 3525 ἀνάγκη]
2346 3463 2607 3526 Ingeniosa
2638 3479 2718 3514 ne-

1643 3535 1854 3591 cessitas..
1903 3536 2123 3587 Ovidius
2144 3557 2158 3588 ι
2190 3539 2208 3566 ‘
2232 3538 2281 3588 O
2305 3547 2561 3606 quantum
2585 3537 2717 3590 sub'i·=

1646 3609 1712 3660 tis
1734 3612 1939 3662 casibus
1960 3612 2221 3678 ingenium
2244 3616 2374 3668 esti'
2406 3618 2711 3683 Epithetnm

1642 3686 1772 3738 illud
1795 3705 1937 3755 saepe
1952 3691 2201 3743 tribuitur
2217 3694 2395 3760 Ulyssi
2413 3694 2711 3761 Homerico,

1641 3762 1904 3829 πολύμητις
1920 3767 2191 3823 Ὀδυσσεύς.
