3034 4934
545 374 721 444 125⁰

549 538 689 592 enim
710 519 1038 588 scribendum
1070 540 1217 600 puto,
1253 548 1370 585 cum
1403 533 1456 582 in
1479 522 1615 583 anti·-¹

552 617 667 682 quis
697 615 1008 666 editionibus
1029 614 1119 676 sit,
1143 629 1298 674 succo,
1319 613 1475 661 ⁴unde
1511 611 1612 661 coc-

547 709 603 742 co
647 692 899 743 fecerunt.
970 690 1236 741 Toenarium
1276 690 1447 750 facum
1495 688 1610 737 Val.

550 770 724 819 Flacc.
769 770 856 818 lib.
897 783 935 819 1.
1000 768 1197 817 Statius
1242 765 1614 830 Propemptico

553 845 709 895 Metii
733 847 962 895 Celeris:
998 847 1012 872 ‘
1036 846 1154 898 Quo
1197 843 1423 907 pretiosa
1449 843 1614 904 Tyros

552 923 759 985 rubeat,
797 939 898 987 quo
944 938 1175 987 purpura
1212 921 1334 972 fuco
1388 920 1613 971 Sidoniis

551 1000 744 1049 iterata
781 1000 924 1049 cadis
944 998 976 1047 :'
1034 999 1109 1048 sic
1146 998 1475 1048 scribendum
1502 997 1612 1060 jam

553 1075 661 1138 alii,
701 1081 848 1139 puto,
867 1074 1125 1123 viderunt.
1194 1074 1333 1123 Hinc
1364 1072 1618 1135 etsucare,

553 1167 648 1216 pro
670 1166 772 1217 quo
797 1150 989 1211 fuscare
1024 1165 1165 1214 saepe
1190 1163 1459 1213 perperam
1490 1148 1616 1212 legi·

554 1237 684 1292 tur,·
705 1235 762 1278 ut
794 1229 1024 1278 dicemus
1055 1227 1121 1276 ad
1157 1226 1248 1277 lib.
1280 1240 1341 1276 11.
1371 1226 1436 1275 de
1462 1226 1618 1289 Rapt.

558 1310 733 1356 vs.96.
767 1306 839 1354 D.
863 1304 1037 1354 Heius.

616 1386 715 1431 208
739 1381 1002 1431 Picturatae
1014 1380 1315 1444 saturantur]
1331 1380 1619 1444 Purpureae

555 1459 658 1508 illae
697 1465 872 1507 vestes
909 1472 1009 1507 uon
1050 1458 1213 1508 solum
1248 1457 1428 1506 tinctae
1470 1462 1622 1505 erant

554 1534 751 1584 murice
794 1533 935 1598 apud
989 1534 1267 1596 Romanos,
1319 1533 1412 1581 sed
1468 1532 1624 1581 variis

557 1611 718 1660 etiam
755 1609 974 1672 picturis
1004 1616 1182 1670 textae,
1203 1622 1403 1672 acuque
1425 1609 1581 1671 pictae
1605 1624 1618 1657 ε

559 1685 695 1735 unde
734 1679 1023 1748 picturatas
1063 1685 1269 1733 demum
1302 1685 1517 1734 satiatas
1549 1685 1624 1733 ait

559 1763 890 1815 Claudianus.
957 1762 1265 1826 Satan-antur,
1289 1762 1354 1812 ad
1389 1763 1624 1813 iteratio-

558 1855 676 1890 nem
700 1840 908 1890 coloris.
946 1840 1127 1891 Barth.

568 1937 576 1956 ν
624 1920 723 1966 209
776 1915 923 1964 Preti
974 1917 1083 1965 viva
1138 1915 1372 1980 uoluptas]
1435 1915 1625 1965 Vivum

559 1997 641 2043 est
664 2000 719 2043 et
741 1992 1041 2057 perhibetur
1063 2007 1213 2044 omne
1234 1994 1372 2058 quod
1395 1993 1628 2043 nativum

561 2076 663 2133 est,
682 2085 850 2135 neque
865 2070 1031 2120 alieno
1055 2069 1175 2121 fuco
1194 2070 1517 2136 inquinatur,
1537 2076 1628 2120 aut

561 2153 794 2196 mutatur
814 2160 844 2195 a
863 2154 1049 2197 natura
1064 2163 1177 2200 sua.
1225 2149 1422 2198 Marius
1443 2148 1630 2197 Victor

565 2224 630 2274 ad
651 2215 1009 2276 Salmoneuin:
1057 2229 1071 2255 ‘
1093 2228 1190 2276 Cui
1216 2226 1435 2277 fratrum
1460 2226 1528 2275 ad
1551 2240 1631 2274 re-

565 2301 738 2365 quiem
776 2300 1034 2351 frondosoe
1067 2302 1187 2351 vitis
1206 2304 1256 2353 in
1275 2310 1426 2352 antro
1445 2300 1632 2352 Herbi·

564 2377 633 2425 da
656 2377 945 2440 cespitibus
965 2386 1084 2429 sunt
1115 2386 1315 2431 structa
1352 2379 1533 2429 sedilia
1558 2379 1633 2429 vi-

567 2452 682 2502 vis.’-
731 2453 883 2505 Idem.

577 2551 582 2558 ·
631 2532 729 2579 210
747 2529 949 2592 Ingenio
965 2531 1151 2581 variata
1165 2531 1271 2594 suo]
1288 2531 1532 2582 Naturali
1550 2545 1635 2590 ve·

569 2611 796 2656 nustate.
860 2606 947 2656 Sic
989 2608 1302 2659 Petronius:
1336 2610 1351 2637 ‘
1376 2609 1544 2659 crines
1558 2608 1635 2658 in·

569 2682 724 2745 genio
740 2680 896 2734 flexi?
950 2684 1099 2735 Idem.

633 2763 729 2808 211
766 2759 930 2810 Mollis
963 2763 1193 2824 panditur
1234 2761 1401 2825 herba]
1450 2761 1634 2812 Tenax

570 2849 783 2899 gramen
806 2837 1076 2887 scitissime
1114 2839 1182 2889 ob
1226 2853 1473 2890 summam
1495 2838 1547 2888 in
1570 2852 1634 2888 eo

571 2912 800 2963 cubandi
852 2914 1171 2977 voluptatem
1236 2922 1389 2965 vocat
1444 2915 1634 2965 Horat.

574 2988 678 3039 Od.
699 3003 760 3038 ιι.
787 2989 1025 3054 Epodou.
1074 2991 1145 3040 Et
1170 2992 1275 3041 otia
1305 2992 1403 3042 ista
1423 2991 1637 3040 nimium

572 3065 936 3129 Philosophice
970 3068 1055 3116 dia
1091 3068 1295 3118 omnino
1343 3068 1640 3133 Lucretius,

570 3142 659 3191 lib.
685 3156 737 3193 v.
763 3143 830 3192 de
855 3144 984 3193 tibia
1006 3145 1287 3207 pastoralia
1343 3147 1359 3172 ⁴
1384 3144 1521 3193 Avia
1543 3156 1639 3208 per

572 3231 783 3270 nemora
819 3233 882 3268 ac
921 3219 1077 3268 silvas
1111 3221 1376 3284 saltusque
1407 3227 1639 3284 reperta,

575 3295 683 3345 Per
704 3295 819 3345 loca
839 3295 1107 3360 pastorum
1129 3296 1339 3346 deserta
1354 3304 1513 3361 atque
1531 3299 1641 3347 otia

574 3373 697 3425 dian
758 3373 908 3424 Talia
947 3379 1108 3423 strata
1145 3375 1231 3424 vel
1266 3374 1332 3424 ad
1355 3374 1638 3424 sedendum

574 3450 659 3498 vel
674 3447 739 3498 ad
758 3448 1048 3499 cubandum
1067 3447 1299 3499 feliciora
1320 3452 1593 3513 habentur,
1609 3467 1640 3501 a

573 3523 711 3575 veris
733 3525 1080 3590 Philosopbis‚
1112 3528 1343 3577 omnibus
1366 3528 1525 3579 thoris
1537 3526 1640 3577 for-

577 3607 876 3653 tunatorum
898 3603 1173 3654 hominum.
1229 3604 1378 3656 Idem.

639 3684 739 3730 212
790 3681 1081 3746 Sollicitum]
1157 3683 1351 3733 Procul
1405 3684 1639 3735 omnibus

576 3754 948 3818 anxietatibus,
993 3759 1149 3821 curis,
1190 3760 1639 3825 sollicitudinibus,

575 3830 775 3880 animus
796 3836 1111 3895 compositus
1136 3836 1201 3885 ad
1223 3850 1399 3886 veram
1425 3837 1641 3901 Sapien-

578 3906 728 3968 tiam,
748 3921 945 3958 summa
968 3920 1050 3959 est
1071 3905 1311 3963 felicitas.
1375 3915 1526 3963 Idm.

579 4011 586 4016 ⁴
640 3988 737 4035 213
777 3984 934 4034 Turba
953 3989 1263 4052 salutantum]
1293 3989 1526 4051 Arabim,
1538 4005 1641 4039 --co

575 4059 782 4124 mitatu,
797 4067 852 4109 et
869 4063 1203 4112 salutantium
1222 4066 1509 4128 agminibus
1527 4081 1646 4115 con·

577 4137 815 4189 tenditur
847 4127 988 4202 apud
1029 4140 1293 4192 Tacitum:
1345 4148 1403 4191 at
1443 4142 1499 4191 in
1526 4158 1642 4207 pec-

576 4219 694 4264 tore
735 4209 949 4278 amicus,
970 4230 1071 4265 non
1093 4216 1147 4267 in
1176 4218 1327 4267 atrio.
1392 4217 1535 4274 Salve
1551 4224 1644 4268 aut

573 4289 681 4344 Ave
724 4291 1032 4348 matutinum
1076 4299 1178 4358 est,
1224 4294 1374 4360 Vale,
1396 4295 1645 4362 vesperti-

920 390 1138 445 NOTAE
1188 385 1592 442 vAluoRuu
1640 385 1719 436 nt
1766 383 1887 435 ch.
1929 383 2205 434 GLAUD.
2255 384 2373 434 111.

1687 539 1839 591 num,
1871 535 1936 577 ut
1972 528 2194 592 probant
2239 527 2472 577 Martial.
2507 531 2563 576 et
2605 526 2763 576 Suet.

1687 606 1759 655 Et
1792 608 1926 656 bunc
1969 607 2171 658 cultum·
2204 605 2417 653 ambitio
2454 602 2773 652 miserorum'

1688 683 1980 732 mortalium
2037 684 2088 730 in
2138 695 2379 730 numeros
2424 679 2760 728 absolvendae

1689 759 1978 809 Felicitatis
1999 758 2275 807 referebat.
2339 758 2494 806 Idem.
2761 765 2767 770 ·

1704 840 1851 885 214
1882 835 2056 885 Avium
2072 834 2261 896 cantas]
2278 835 2509 882 Maxima
2524 833 2764 882 accessio

1692 913 2009 976 volup'tatis
1996 928 2046 960 m
2067 913 2236 961 animo
2260 914 2429 960 soluto
2450 910 2591 959 curis
2616 917 2675 960 et
2693 909 2764 958 ad

1690 992 1920 1055 quietem
1957 991 2260 1053 composito.

1756 1068 1984 1116 Labeatis
2018 1082 2259 1116 murmura
2291 1065 2411 1129 rivi]
2475 1063 2762 1114 Horatius:

1690 1145 1706 1173 ‘
1729 1146 1998 1196 Labuntur
2042 1145 2160 1193 altis
2197 1145 2409 1194 interim
2440 1143 2567 1205 ripis
2592 1156 2768 1207 aquae,

1694 1226 1998 1276 Queruntur
2017 1222 2071 1271 in
2085 1221 2226 1270 silvis
2253 1220 2411 1270 aves!
2449 1220 2631 1269 Barth.
2762 1213 2770 1218 ⁴

1714 1319 1723 1326 ·
1758 1304 1853 1350 215
1897 1299 2284 1360 Viuiturexigno
2307 1297 2499 1360 melias]
2532 1297 2641 1346 Hic
2650 1296 2769 1360 jam

1695 1395 1891 1430 summa
1931 1378 2171 1443 quapiam
2215 1379 2386 1427 omnia
2424 1379 2771 1441 comprehen-

1696 1456 1808 1505 ditx
1836 1469 2008 1504 veram
2032 1455 2155 1504 vitae
2182 1454 2498 1517 voluptatem
2523 1453 2577 1501 in
2602 1466 2771 1516 parvo

1697 1547 1810 1583 esse
1852 1538 1909 1583 et
1943 1532 2223 1582 secundum
2265 1531 2540 1594 Naturam,
2571 1537 2774 1580 caetera

1696 1611 1921 1660 ludibria
1959 1612 2148 1660 mentis
2187 1609 2427 1659 humanae
2450 1623 2640 1673 rapere
2657 1623 2773 1657 eam

1698 1688 1853 1738 variis
1871 1688 2131 1737 illecebris
2169 1686 2238 1736 ad
2270 1685 2443 1735 inania
2460 1685 2776 1734 deliramen-

1701 1772 1770 1814 ta.
1835 1764 2150 1827 Respexisse
2184 1762 2249 1811 de
2284 1762 2518 1827 proximo
2559 1760 2775 1811 videtur

1701 1843 1799 1892 ista
1819 1843 2032 1904 Lucani,
2059 1842 2149 1891 lib.
2185 1855 2296 1910 tva
2335 1841 2353 1869 ‘
2377 1855 2409 1888 o
2452 1838 2674 1902 prodiga
2695 1851 2773 1886 re·

1703 1933 1813 1967 rum
1854 1918 2128 1980 Luxuries,
2152 1930 2420 1981 nunqnam
2454 1928 2616 1978 parvo
2658 1928 2777 1963 con-

1702 2001 1848 2044 tenta
1887 2001 2088 2058 paratu,
2130 1993 2202 2041 Et
2244 1991 2581 2056 quaesitorum
2628 1992 2779 2038 terra²

1703 2071 1993 2136 pelagoque
2024 2070 2255 2119 ciborum
2281 2067 2572 2117 Ambitiosa
2593 2065 2776 2130 fames,

1705 2155 1762 2197 et
1834 2147 1990 2196 lautae
2060 2145 2228 2209 gloria
2290 2159 2501 2205 mensae,
2568 2142 2774 2191 Discite

1704 2238 1855 2289 quam
1897 2238 2057 2288 parvo
2088 2223 2244 2272 liceat
2272 2223 2561 2287 producere
2594 2220 2778 2284 vitam,

1705 2301 1777 2350 Et
1801 2308 2049 2368 quantum
2073 2300 2276 2349 Natura
2291 2298 2477 2364 petat,'
2495 2301 2596 2348 διο.
2686 2321 2698 2330 ·

1768 2379 1944 2428 Beatis
1963 2377 2174 2427 omibus
2195 2392 2292 2426 esse
2312 2377 2468 2440 dedit]
2486 2376 2688 2425 Seneca
2712 2372 2776 2424 ad

1706 2454 1965 2517 Helviam,
1983 2469 2101 2519 cap.
2123 2459 2172 2504 5.
2194 2471 2208 2503 ι
2243 2455 2260 2483 ‘
2282 2453 2338 2503 id
2360 2443 2469 2516 agit
2489 2467 2669 2503 rerum
2689 2466 2777 2501 na-

1707 2539 1828 2584 tura
1848 2539 1907 2582 ut
1930 2532 1995 2581 ad
2020 2530 2153 2581 bene
2170 2530 2445 2580 vivendum
2457 2543 2564 2579 non
2588 2543 2776 2593 magno

1709 2616 1965 2673 apparatu
1998 2622 2130 2672 opus
2162 2606 2340 2669 esset,'
2373 2609 2474 2656 διο.
2538 2606 2695 2655 Vide·
2720 2606 2780 2654 il-

1707 2688 1815 2736 lum
1858 2686 2024 2750 Epist.
2059 2688 2142 2735 90.
2176 2699 2288 2750 quae
2326 2684 2448 2734 hnic
2477 2683 2556 2732 rei
2581 2683 2780 2747 scripta

1711 2762 1940 2812 videtur.
1973 2762 2151 2811 Barth.

1716 2865 1719 2870 -
1774 2843 1871 2890 217
1905 2839 2129 2902 Simplice
2148 2838 2297 2901 caua]
2345 2838 2488 2888 Victa
2511 2789 2780 2887 oxonien-

1684 2965 1693 2974 ,
1714 2916 1802 2979 sis,
1823 2914 2018 2978 probe:
2055 2915 2154 2964 huc
2180 2914 2364 2964 alludit
2385 2920 2442 2963 et
2462 2914 2615 2978 prim.
2636 2914 2781 2963 Vati-

1711 3007 1868 3043 canus
1911 2992 1963 3041 in
2002 3007 2104 3057 quo
2141 2995 2289 3044 vultu.
2354 2994 2370 3022 ‘
2394 2992 2602 3043 Victus’
2641 2994 2781 3042 enim

1709 3072 1725 3099 ‘
1748 3070 1908 3120 verbo
1930 3070 2277 3133 continentur,
2300 3085 2415 3134 quae
2443 3071 2579 3133 esui,
2612 3069 2780 3134 potui,

1712 3146 1973 3210 cultuique
1997 3147 2247 3210 corporis,
2271 3161 2489 3211 quaeque
2513 3146 2580 3194 ad
2606 3146 2782 3195 viven-
2860 3159 2873 3170 ·

1713 3222 1835 3272 dum
1859 3222 2051 3278 bomini
2102 3229 2224 3272 sunt
2272 3222 2621 3283 necessaria,'·
2643 3228 2782 3271 teste

1715 3299 1938 3363 Ulpiano
1979 3298 2044 3347 de
2084 3295 2442 3362 verb.'signif.
2496 3298 2784 3348 siliuslib.

1713 3391 1837 3427 vm.
1858 3394 1871 3427 :
1906 3378 1922 3405 ‘
1944 3378 2020 3426 Tu
2044 3392 2284 3441 campum
2319 3392 2503 3427 noscas
2527 3383 2675 3439 ante,
2698 3369 2785 3427 exss

1713 3458 1989 3522 plorasque
2016 3459 2287 3520 trahendo,
2317 3458 2581 3509 Quantum
2622 3458 2786 3508 hostis

1713 3535 1856 3585 victu
1882 3537 2071 3599 valeat,
2109 3551 2222 3598 quae
2253 3531 2408 3598 copia
2445 3535 2783 3586 rerumztsic

1628 3633 1634 3640 -
1714 3611 1952 3661 emendo.
2005 3614 2198 3675 Vulgo,
2217 3618 2445 3675 quantum
2465 3613 2617 3661 hostis
2628 3612 2785 3661 ritas.-

1714 3687 1881 3751 prima
1901 3689 2038 3737 enim
2077 3688 2256 3748 editio,
2292 3689 2414 3738 ictus
2434 3689 2620 3738 hostis:
2651 3689 2786 3738 liber

1716 3764 2049 3828 oxoniensis,
2082 3765 2229 3815 hostis
2247 3766 2426 3814 fidas.-
2460 3778 2582 3813 mox
2620 3764 2809 3824 dictur

1716 3854 1802 3892 rus
1825 3849 1924 3903 est,
1961 3848 2079 3903 eget-
2104 3843 2341 3906 improbas
2360 3847 2495 3891 arcto
2512 3843 2637 3891 δοκι
2656 3843 2787 3891 uicta

1624 3935 1631 3944 ·
1713 3916 1892 3981 Libys.-
1928 3920 2167 3982 sequenti
2212 3933 2360 3967 versu
2402 3924 2651 3979 gemm-eat
2690 3929 2785 3981 pro·
2888 3941 2896 3952 .

1702 3993 1968 4053 fremerent
2020 3994 2263 4058 Isingrin.
2300 4002 2356 4043 et
2395 3995 2551 4058 prim.
2605 3994 2782 4044 Vatic-

1713 4070 1786 4119 D.
1808 4071 1979 4119 Heius.

1779 4149 1878 4194 218
1914 4146 2121 4194 Cha-ssim
2144 4161 2237 4196 non
2251 4101 2542 4210 fremerent]
2592 4143 2781 4198 Horat.

1714 4221 1886 4286 Epod.
1924 4222 1940 4248 ‘
1965 4222 2161 4273 Beatus
2180 4223 2268 4272 ille
2291 4224 2382 4288 qui
2417 4224 2605 4287 procul
2631 4238 2780 4287 nego·

1714 4297 1820 4363 tiis,
1838 4299 1940 4348 διο.
1966 4297 2088 4349 Non
2108 4300 2369 4352 excitatur
2391 4299 2613 4351 classico
2633 4299 2775 4352 miles

2108 4414 2365 4426 000000
