3034 4934
360 523 367 530 .
465 468 583 535 Ira
610 466 835 533 furens
865 465 1116 532 strictis
1146 466 1380 530 odium
1408 463 1844 529 mucronibus
1874 460 2130 548 explet.

465 307 598 374 770
1118 319 1251 370 m..
1293 317 1723 369 cnsumsm
1771 318 1998 368 xxvi.

468 571 851 654 Purpureos
878 568 1125 646 cultuS,
1152 568 1578 650 absumtique
1601 567 1753 648 igne
1780 563 2088 629 Valentis
2537 558 2671 625 610

467 674 800 752 ExuviaS‚
829 673 1230 756 miserisque
1259 690 1497 754 graves
1531 678 1823 737 crateras
1853 669 1941 734 ab
1971 664 2202 749 Argis,

468 776 829 860 Raptaque
854 775 1161 857 flagranti
1191 774 1522 857 spirantia
1548 773 1741 854 signa
1771 769 2097 836 Corintho

468 879 770 945 Callidus
800 884 952 946 ante
981 877 1186 961 pedes
1214 876 1632 942 venientibus
1658 874 1897 957 objicit
1921 872 2137 937 hostis

464 972 851 1064 Incassum3
893 999 1107 1065 neque
1136 980 1309 1044 enim
1335 978 1557 1043 feralis
1585 975 1820 1061 praeda
1847 981 2165 1052 moratur,

458 1149 638 1212 gladiis
653 1148 862 1199 nudatis.
935 1148 1101 1199 Hostis
1121 1152 1305 1197 astutus
1342 1145 1538 1211 exponit
1558 1147 1621 1194 ad
1638 1149 1780 1209 pedes
1803 1143 1998 1205 frustra
2015 1141 2257 1193 Romanis
2279 1140 2664 1205 irrumpentibus,

463 1220 610 1264 vestes
625 1229 902 1279 purpureas,
917 1220 966 1263 et
982 1214 1132 1277 spolia
1153 1213 1367 1263 Valentis
1386 1211 1619 1262 consumti
1627 1211 1847 1275 flamna,
1876 1215 1925 1259 et
1944 1214 2155 1259 cratem
2173 1210 2388 1269 ingentes
2410 1210 2590 1270 raptos
2608 1205 2667 1254 ab

462 1281 613 1343 Argis
629 1281 943 1345 deplorandis,
972 1283 1021 1330 et
1059 1283 1247 1329 statas
1280 1292 1416 1344 pene
1452 1277 1662 1327 viventes
1695 1276 1878 1325 ablatas
1913 1274 2143 1324 Corintho
2176 1274 2363 1322 incensa
2376 1288 2394 1321 .·
2423 1287 2509 1322 nec
2542 1270 2667 1322 enin

1389 1391 1564 1412 ”eud
1571 1390 1746 1410 ‘6000‘

458 1476 552 1522 gns
571 1462 680 1511 auri
701 1461 784 1512 vel
815 1462 1020 1525 prodiga
1041 1461 1162 1512 lucri
1181 1462 1377 1512 Moret.
1402 1465 1646 1526 piu—609
1677 1459 1755 1510 Ila
1777 1474 1871 1522 pro
1895 1458 1983 1508 Ira
2011 1457 2214 1507 Tholas.
2242 1454 2423 1506 Ambr.
2445 1471 2524 1520 pr.
2561 1454 2668 1505 Ima

451 1528 590 1577 ·Put.
610 1527 713 1577 duo
749 1527 936 1578 Petav.
982 1526 1076 1577 Illa
1112 1528 1237 1577 Vnt.
1258 1534 1384 1577 tert.
1408 1526 1547 1577 Prie.
1567 1542 1636 1577 m.
1658 1542 1736 1590 ρι’.
1772 1526 1899 1576 Lov.
1921 1525 2118 1574 Bonan.
2152 1521 2309 1572 Thr-ba
2330 1522 2509 1571 Ambr.
2542 1525 2667 1571 tert.

463 1592 620 1644 tristis
639 1593 745 1642 odio
783 1594 978 1642 Moret.
1020 1607 1098 1656 pr.
1131 1592 1238 1641 odio
1272 1592 1455 1641 strictis
1493 1593 1691 1642 Mazar.
1726 1591 1884 1640 odium
1913 1575 2263 1639 strictisMed.
2339 1593 2473 1638 uart.
2509 1586 2668 1635 odiam

463 1656 647 1707 Ambr.
682 1663 808 1707 tert.
842 1657 949 1706 odio
992 1657 1094 1706 duo
1125 1657 1272 1708 Vatt.
1306 1657 1422 1707 Pal.
1453 1658 1605 1706 Farn.
1645 1656 1808 1707 Oisel.
1846 1655 1949 1704 dno
1990 1653 2133 1704 Med.
2173 1653 2275 1702 inc.
2367 1652 2495 1701 eins.
2542 1650 2667 1702 Put.

461 1722 659 1771 Thuan.
682 1723 883 1772 Bonon.
905 1721 1007 1772 duo
1029 1723 1214 1772 Petav.
1238 1722 1339 1772 duo
1356 1722 1541 1774 Ambr.
1563 1722 1735 1773 Oxou.
1749 1736 1833 1785 pr.
1851 1719 1935 1770 ed.
1959 1719 2129 1769 Vicet.
2146 1726 2200 1768 et
2217 1717 2395 1766 Parni.
2412 1719 2540 1767 Vae.
2561 1717 2667 1766 LL.

462 1786 546 1836 ed.
562 1785 719 1838 Antv.
751 1787 910 1836 odium
932 1788 1014 1836 vel
1030 1787 1136 1837 odio
1152 1789 1286 1852 Reg.
1308 1788 1433 1837 Vat.
1460 1793 1629 1853 quart.
1648 1787 1777 1837 Exc.
1800 1785 1960 1836 Laeti.
1989 1784 2154 1847 implet
2173 1784 2534 1834 Thana—610
2565 1782 2665 1832 vul-

460 1857 542 1900 tus
562 1866 654 1914 pro
675 1854 827 1901 cultus
860 1852 1029 1902 Oxou.
1053 1867 1158 1903 sec.
1191 1858 1458 1917 assumptas
1491 1854 1613 1903 Vat.
1647 1866 1727 1917 pr.
1771 1851 1926 1899 Fam.
1969 1851 2099 1899 Exc.
2132 1848 2284 1898 Laeti.
2316 1863 2425 1898 assu
2611 1861 2668 1897 us

461 1917 577 1967 Pal.
607 1922 927 1982 assumptoque
962 1917 1108 1969 Leid.
1143 1933 1247 1968 sec.
1271 1924 1327 1968 et
1349 1918 1458 1981 alii,
1500 1916 1716 1981 triginta
1753 1915 1887 1980 fere,
1925 1916 2053 1964 Exc.
2075 1912 2447 1966 Gevart.Sche
2488 1948 2503 1962 .
2527 1912 2666 1963 Gud.

461 1979 587 2031 Ald.
611 1983 740 2033 Var.
763 1982 866 2032 LL.
902 1997 932 2032 e
971 1998 1134 2047 marg.
1153 1983 1331 2032 Parin.
1355 1992 1409 2033 et
1433 1983 1516 2034 ed.
1543 1983 1706 2033 Antv.
1740 1981 2069 2045 absumptoqus
2086 1975 2266 2029 Amhr.
2302 1993 2407 2028 sec.
2437 1978 2665 2028 absumti-

458 2060 547 2109 que
567 2047 650 2097 vel
669 2047 967 2112 absumtoqae
983 2047 1181 2098 Thuan.
1199 2049 1494 2112 absumtoque
1510 2048 1594 2098 vel
1607 2047 1962 2110 &sumptasque
1982 2043 2133 2095 Med.
2153 2049 2323 2109 quart.
2342 2046 2665 2107 assumptoque

460 2112 547 2160 vel
563 2115 927 2176 ‘assumptusque
965 2113 1104 2163 Flor.
1121 2118 1470 2177 assumptosque
1487 2121 1543 2161 et
1559 2114 1887 2162 emendatum
1907 2113 2257 2187 assumptusque
2282 2108 2426 2158 Leid.
2458 2123 2544 2172 pr.
2573 2108 2665 2158 Vo-

460 2177 577 2225 lent-i
597 2176 732 2226 Prie.
750 2180 955 2227 valentes
969 2178 1112 2229 Leid.
1129 2193 1232 2227 sec.
1250 2178 1422 2228 Oxou.
1443 2192 1524 2242 ρι’.
1544 2179 1658 2227 Pal.
1676 2179 1826 2227 Faru.
1840 2178 1986 2226 Rott.
2003 2174 2165 2225 Oisel.
2186 2187 2364 2223 omnes
2376 2174 2523 2224 Vatt.
2535 2174 2663 2222 Exc.

463 2241 613 2290 Laeti.
636 2243 841 2291 volantes
855 2243 887 2292 J
893 2257 976 2291 nn.
993 2257 1073 2306 pr.
1093 2242 1262 2292 Oxou.
1280 2257 1383 2291 sec.
1403 2244 1609 2293 calentes
1628 2242 1773 2292 Med.
1799 2247 1968 2305 quart.
1991 2240 2198 2289 calentes
2216 2239 2299 2289 vel
2314 2239 2523 2287 valentes
2534 2238 2665 2301 Reg.

462 2305 606 2355 Med.
631 2310 870 2367 pia—611
893 2308 1174 2371 miserasque
1190 2308 1387 2357 Moret.
1406 2322 1484 2372 pr.
1495 2307 1750 2372 mersisque
1764 2305 1935 2356 Oxou.
1950 2320 2028 2370 pr.
2049 2320 2120 2354 m.
2136 2308 2380 2368 pr.—612
2399 2304 2666 2367 spumantia

455 2369 577 2423 Pal.
601 2371 769 2421 Oxou.
791 2376 1036 2435 ρι’.--613
1060 2372 1270 2422 Callibus
1291 2373 1486 2422 Moret.
1507 2388 1586 2437 pr.
1606 2372 1875 2436 »squallidus
1890 2371 1974 2421 vel
1991 2370 2201 2419 Callidus
2217 2370 2338 2419 Vat.
2358 2382 2462 2418 see.
2481 2368 2666 2417 deerat

460 2443 633 2485 autem
652 2436 735 2486 hic
755 2451 931 2486 versus
944 2438 1068 2487 Vat.
1084 2444 1209 2487 tert.
1225 2438 1389 2499 abjicit
1405 2439 1696 2501 Bag—614
1712 2452 1795 2487 nec
1808 2436 1934 2486 enim
1948 2437 2074 2487 Vat.
2088 2441 2212 2484 tert.
2227 2435 2341 2483 Pal.
2361 2434 2511 2484 Rott.
2527 2433 2662 2482 Flor.

462 2501 567 2552 duo
595 2500 738 2552 Med.
776 2501 963 2554 PetaV.
988 2508 1114 2558 tert.
1145 2503 1350 2557 Tholas.
1372 2503 1557 2554 Ambr.
1582 2517 1661 2569 pr.
1694 2503 1822 2552 Lov.
1845 2502 2036 2552 Mon-et.
2059 2503 2303 2564 pr.—-615
2326 2498 2418 2549 Sic
2434 2499 2573 2548 Flor.
2606 2497 2663 2548 St

1455 2634 1671 2687 NOTAE

452 2769 459 2772 -
523 2735 622 2788 609
656 2730 944 2797 Irasurens]
1008 2733 1024 2763 ⁴
1048 2733 1138 2785 Ira
1175 2732 1322 2785 furor
1353 2734 1524 2787 brevis
1600 2735 1751 2861 Ιίιιεἓιι
1786 2733 1804 2763 ‘
1828 2732 2133 2784 Phidiacum
2152 2730 2361 2783 vivebat
2375 2729 2537 2783 ebur?
2572 2730 2663 2783 Ju-

461 2807 582 2858 est.'
1604 2826 1700 2861 ven
1756 2811 1814 2862 is.

523 2888 622 2934 610
661 2884 896 2948 Valentis]
930 2885 1111 2935 Hostis
1127 2892 1313 2950 captus
1327 2885 1524 2938 frustra

450 2963 707 3012 Romanis
724 2963 1011 3030 victoribus
1032 2964 1221 3032 objicit
1241 2967 1403 3031 spolia
1416 2969 1522 3017 Va-

458 3039 620 3088 lentis
655 3039 1021 3104 Imperatoris,
1051 3042 1140 3108 qui
1170 3058 1216 3116 ‚a
1252 3042 1439 3098 Gothis
1467 3046 1521 3095 in

461 3116 667 3179 tugurio
710 3118 984 3182 ustulatus,
1016 3126 1072 3168 et
1110 3120 1224 3184 ejus
1265 3122 1408 3185 regia
1441 3137 1524 3171 su·

459 3194 634 3258 pellex
656 3194 723 3243 ab
745 3193 958 3244 Alarico
982 3195 1191 3260 direpta
1205 3204 1306 3249 est.
1326 3199 1519 3248 Valens

457 3269 564 3321 fnit
601 3271 858 3334 Princeps
897 3273 1173 3337 pessimus,
1203 3274 1518 3325 Christiano-

458 3349 573 3398 ru'm
593 3347 755 3400 hostis
778 3346 1166 3403 infensissimus,

522 3425 874 3489 filllMiseris]
924 3425 1103 3476 Hostis
1128 3427 1292 3476 victus
1324 3426 1521 3479 frustra

458 3501 643 3566 objicit
663 3510 891 3553 crateras
915 3510 1087 3567 raptos
1108 3503 1174 3552 ab
1196 3501 1352 3567 Argis
1375 3506 1546 3569 expio

456 3579 596 3640 latis,
615 3578 961 3643 deplorandis.
997 3578 1206 3628 Praeter
1226 3579 1428 3630 Thebas
1464 3588 1521 3631 et

457 3651 708 3720 Athenas,
744 3666 864 3706 ante
903 3656 1062 3707 totius
1096 3656 1321 3708 Graeciae
1366 3659 1522 3708 urbes

456 3731 643 3781 misere
666 3733 897 3795 spoliatae
922 3731 1151 3783 fuerunt.

486 3822 495 3826 “
528 3805 734 3873 Graves]
766 3809 866 3857 Vel
885 3815 1111 3858 crateras
1127 3810 1361 3873 ingentes
1378 3812 1519 3863 ideo·

460 3896 560 3948 que
584 3882 883 3947 graviores3
918 3886 999 3933 vel
1044 3887 1206 3949 signis
1245 3888 1517 3938 emblema·

458 3959 634 4025 tisque
658 3959 928 4023 insculptis
953 3976 1154 4025 graves.

440 4073 447 4078 .
522 4041 621 4085 612
655 4037 904 4101 Spin-antia
925 4039 1090 4103 signa]
1143 4040 1230 4090 Ita
1252 4041 1316 4090 ad
1344 4043 1517 4092 vivum

459 4127 722 4178 expressa,
743 4122 800 4163 ut
814 4116 1011 4182 spirare
1031 4133 1091 4167 ac
1113 4118 1287 4168 vivere
1307 4120 1517 4169 videan-

461 4195 563 4248 tur.
596 4191 613 4221 ‘
635 4190 900 4257 spirantia
920 4193 1126 4246 mollius
1149 4199 1289 4247 aera.’
1343 4195 1517 4263 Virgi-

1669 2888 1929 2951 Flagranti
1992 2886 2252 2950 Corintho]
2323 2884 2664 2935 Nobilissima

1602 2979 1763 3030 opera
1800 2965 2050 3028 Corinthi,
2077 2979 2252 3029 aesque
2277 2963 2662 3014 Corinthiacum

1601 3041 2006 3092 laudatissimum
2039 3056 2246 3105 semper
2284 3039 2417 3091 fuit:
2454 3055 2520 3090 ex
2560 3053 2665 3106 quo

1603 3119 1729 3168 alias
1754 3118 2031 3169 Memmius
2069 3118 2251 3168 urbem
2285 3117 2301 3145 ‘
2325 3116 2454 3168 tuba
2484 3114 2666 3182 praeci·

1602 3204 1761 3246 neme
1780 3195 1795 3219 '
1830 3196 2079 3259 incendit,
2117 3210 2288 3260 aesque
2311 3209 2488 3244 aurum
2513 3199 2570 3245 et
2588 3208 2665 3244 ar·

1601 3280 1821 3337 gentum-
1836 3281 2122 3328 statuarum
2144 3273 2293 3323 simul
2329 3272 2492 3323 mixta
2524 3277 2665 3324 sumt.

1602 3348 1742 3399 Hinc
1763 3350 1968 3413 Florus,
1998 3349 2146 3400 ‘aeris
2181 3355 2353 3398 notam
2392 3341 2666 3416 pretiosio-

1601 3441 1710 3475 rem
1752 3426 1863 3490 ipsa
1905 3426 2310 3491 opulentissimae
2355 3425 2495 3478 urbis
2534 3424 2664 3481 feeit

1598 3504 1820 3568 injuria:
1857 3505 1976 3571 quia
2010 3504 2256 3556 incendio¹
2271 3504 2489 3568 perustis
2506 3503 2663 3568 pluri-

1600 3582 1696 3631 mis
1740 3582 1924 3631 statuis
1969 3588 2126 3647 atque
2164 3580 2475 3642 simulacris,
2521 3579 2664 3643 aeris,

1602 3658 1737 3721 auri,
1776 3658 2082 3724 argentique
2116 3672 2263 3708 venae
2298 3658 2352 3709 in
2385 3671 2660 3724 ⁴commuue

1601 3734 1831 3786 fluxere!

1664 3818 1759 3866 613
1797 3813 2032 3877 Callidus]
2100 3813 2178 3862 Ut
2213 3813 2444 3863 intentus
2480 3811 2664 3877 spoliis

1598 3890 1745 3939 miles
1784 3891 2027 3954 persequi
2080 3890 2384 3939 desisteret:
2422 3888 2496 3938 sic
2535 3890 2661 3939 olim

1597 3968 1766 4017 vict-us
1794 3967 2126 4016 Mithridates
2159 3966 2414 4014 Romanos
2436 3965 2661 4015 victores

1600 4045 1904 4108 elusit,cum
1937 4047 1952 4072 ‘
1977 4044 2250 4093 maximam
2291 4044 2392 4090 vim
2434 4042 2544 4091 auri
2584 4048 2663 4092 at-

1599 4136 1699 4187 que
1721 4121 1924 4186 argenti
1946 4155 1960 4171 .
1985 4157 1998 4171 .
2023 4156 2036 4171 .
2063 4119 2302 4186 ‚reliquit
2320 4118 2356 4168 2’
2394 4134 2509 4185 quae
2539 4119 2662 4171 dum

1599 4199 1819 4254 Romani
1868 4200 1885 4228 ‘
1915 4198 2167 4263 coliigunt
2214 4196 2386 4250 omnia
2444 4196 2660 4264 diligen·
