3034 4934
477 383 656 452 mo

481 541 690 606 Othryn
711 548 768 592 et
790 541 1051 605 Haemum,
1083 541 1259 608 Atque
1290 543 1445 592 irinum
1467 541 1546 592 fe-

479 622 555 672 lix
582 621 824 672 versabat
863 627 1073 671 vomere
1119 620 1454 686 Olympum?
1488 628 1547 672 et

480 699 589 750 alii.
655 699 912 761 Intelligit
949 706 1123 749 antem
1161 699 1318 763 poeta
1342 700 1545 764 Byzan·

481 777 611 827 tium
634 791 722 826 seu
746 777 1266 841 Constantinopolim,
1277 791 1380 827 non
1391 777 1545 842 longe

483 868 516 906 a
539 854 775 919 Bosporo
799 854 969 904 situm.
1017 856 1236 919 Dempst.

550 931 659 988 Qua
675 932 947 996 Bosphorus
956 932 1093 996 arbe]
1131 933 1179 982 N
1183 949 1248 983 on
1266 933 1373 983 arce
1387 932 1548 997 εοιίρο·

484 1007 560 1060 tiz
607 1016 663 1058 et
700 1016 880 1070 recte;
936 1024 1051 1060 nam
1089 1008 1220 1059 ans
1251 1007 1383 1060 arces
1425 1015 1548 1060 ante

483 1084 721 1136 dixerat:
757 1100 879 1136 mox
937 1086 1161 1151 Odrysiis
1200 1100 1296 1151 pro
1338 1086 1552 1152 Otrysits

482 1166 619 1231 kge.
677 1165 924 1231 Odrysia,
942 1165 1180 1218 Thracia.
1236 1163 1402 1216 Miror
1417 1166 1551 1215 Bar·

484 1241 649 1293 thium
687 1243 800 1292 aliis
838 1244 1148 1308 scriptorum
1186 1242 1314 1294 locis
1349 1243 1551 1308 pariter

485 1319 745 1370 mendosis
764 1320 818 1370 in
840 1321 1066 1374 medium
1097 1320 1313 1385 prolatis
1337 1317 1551 1384 corrup·

486 1403 558 1452 tae
583 1397 856 1462 scripturae
875 1396 1215 1462 patrocinari.
1279 1393 1416 1447 Vide
1438 1398 1555 1448 ste-³

486 1474 709 1541 phanum
731 1476 1050 1539 Byzantium
1069 1476 1123 1525 in
1140 1475 1393 1541 ὀδρυσαιι
1428 1475 1559 1525 inde·

488 1552 627 1603 enim
641 1552 898 1617 Odrysius
916 1552 1213 1605 deducitur.
1233 1553 1557 1604 maminot

488 1626 644 1680 etiam
667 1643 760 1692 pro
777 1630 1089 1695 discriminat,
1109 1629 1307 1680 Moreti
1330 1629 1463 1678 liber
1494 1635 1553 1679 et

488 1704 867 1755 Parmsianns:
913 1704 1051 1770 quod
1097 1701 1289 1768 placet.
1333 1702 1556 1768 Plinius,

488 1781 582 1834 lib.
600 1795 702 1832 ιιι.
724 1797 842 1845 cap.
863 1786 946 1832 21.
982 1782 999 1811 ‘
1013 1777 1210 1832 Arabia
1227 1782 1263 1834 J
1268 1781 1466 1831 udaeam
1485 1780 1555 1830 ab

490 1857 721 1922 Egypto
752 1858 1111 1911 disterminat:
1160 1859 1360 1909 Lucan.
1397 1857 1489 1909 lib.
1512 1871 1554 1908 ι.

491 1936 507 1964 ‘
548 1934 752 1985 Gallica
788 1942 963 1986 certus
996 1936 1169 1986 Limes
1208 1935 1274 1986 ab
1312 1933 1557 1985 Ausoniis

494 2011 825 2064 disterminat
881 2029 1006 2063 arva
1048 2013 1278 2064 colonis?
1362 2014 1450 2063 Sic
1497 2018 1555 2062 et

490 2091 509 2119 ⁴
525 2089 797 2141 Tartessos
818 2089 1154 2140 distermina’
1178 2090 1304 2141 Silio
1325 2090 1418 2142 lib.
1442 2105 1495 2141 v·

559 2171 653 2217 175
689 2167 936 2231 Odrysiis]
971 2167 1227 2233 Thraciis,
1249 2183 1364 2234 quaa
1381 2168 1433 2217 in
1453 2168 1555 2217 Eu·

495 2253 639 2306 repa.
695 2242 951 2293 Ausonius
980 2243 1297 2309 Epigramm.
1318 2259 1359 2295 1.
1406 2245 1423 2272 ‘
1447 2241 1554 2294 Sed

495 2333 700 2370 carmen
737 2331 841 2369 non
874 2320 1029 2368 molle
1061 2319 1248 2383 modis,
1279 2321 1417 2371 bella
1438 2320 1556 2370 hor-

495 2395 612 2446 rida
651 2395 842 2445 Martis
896 2396 1153 2462 Otbrysii,
1214 2395 1557 2462 Thressaeque

496 2470 741 2536 viraginis
776 2486 918 2523 arma
940 2473 1230 2524 retractat!
1275 2472 1557 2536 Martialis,

494 2547 587 2599 ub.
608 2553 711 2598 vxi.
771 2548 788 2578 ⁴
812 2559 948 2598 nnnc
983 2548 1169 2614 ludite,
1210 2550 1399 2612 Musae,
1437 2547 1558 2599 Vic-

494 2630 583 2675 tor
623 2623 689 2674 ab
724 2623 950 2689 Odrysio
987 2626 1187 2677 reditur
1207 2615 1346 2678 'orbe
1376 2625 1565 2677 Deus!

564 2782 658 2831 177
691 2777 941 2844 Subrepsit
970 2780 1024 2829 in
1056 2780 1236 2844 aulum]
1284 2780 1440 2831 Malis
1480 2794 1560 2830 ar-

498 2854 657 2906 tibus.
726 2855 885 2917 Ilicet,
927 2856 1046 2920 quia
1090 2856 1259 2906 Furiae
1302 2852 1560 2905 adventus

499 2945 669 2980 mores
687 2931 957 2982 mu.tabat
993 2932 1159 2983 animo
1197 2931 1311 2996 ejus
1342 2931 1560 2995 illapsoe,

502 3005 638 3070 qnod
660 3006 833 3056 innuit
853 3006 1032 3057 dicens
1068 3022 1181 3071 ergo
1210 3007 1360 3058 maim
1385 3007 1560 3058 victus

503 3082 671 3134 Idem.

567 3162 664 3209 178
693 3159 906 3210 Ambitio
923 3160 1077 3224 κατ’]
1099 3162 1473 3225 Expulsatrix
1450 3175 1561 3225 Jus-

500 3234 652 3286 tium.
702 3236 855 3286 Unde
872 3237 1053 3301 pulcre
1077 3238 1128 3286 ln
1147 3238 1408 3289 Laudibus
1424 3240 1564 3289 Stili-

503 3312 709 3364 chonis:
745 3313 764 3345 ⁴
783 3313 974 3365 Trudis
999 3313 1267 3366 avaritiam
1294 3307 1439 3381 cuju's
1467 3315 1573 3366 foe:

502 3391 711 3442 (lissima
746 3394 922 3443 nutrix
958 3392 1210 3455 Ambitio,
1247 3409 1361 3459 quae
1407 3395 1575 3444 vesti--

503 3466 638 3520 bulis
668 3468 965 3536 foribusque
1002 3477 1272 3534 potentum
1305 3469 1563 3534 Excubat,

502 3552 559 3596 οι
576 3546 758 3610 pretiis
775 3549 1081 3599 commercia
1096 3548 1267 3613 pascit
1283 3547 1569 3598 honorum!

500 3621 591 3672 Sic
612 3624 873 3675 hocloco:
908 3626 1084 3675 Venum
1100 3631 1267 3676 cuncta
1283 3625 1409 3690 aaut,
1437 3624 1564 3674 Am·

501 3696 699 3748 bitione
735 3700 1052 3762 ingruente.
1135 3703 1206 3752 Et
1247 3702 1560 3752 Petronius:

502 3773 521 3801 ‘
544 3773 754 3822 Venalis
778 3777 1015 3840 populus,
1047 3778 1241 3828 venalis
1272 3778 1429 3829 Curia
1464 3778 1562 3829 Pa·

503 3853 658 3913 trnm,
679 3849 906 3915 Ipsaque
924 3856 1162 3919 majestas
1176 3869 1302 3905 auro
1316 3860 1564 3920 corrupta

497 3926 749 3990 jacebat?
814 3929 990 3981 Barth.
1055 3931 1147 3981 Nil
1192 3946 1316 3982 saue
1359 3932 1562 3997 turpius

504 4013 658 4067 quam
679 4004 982 4057 nundinatio
1002 4008 1403 4073 Magistratuum
1424 4025 1439 4071 ;
1472 4009 1563 4058 ina

502 4078 790 4143 iniquitatis
834 4084 1142 4149 principium
1179 4093 1236 4136 et
1276 4086 1424 4147 finis}
1471 4086 1564 4135 illa

505 4155 730 4206 omnium
754 4161 1006 4212 scelerum
1026 4161 1142 4213 fons
1160 4164 1196 4216 J
1201 4163 1459 4212 ustnmano
1483 4162 1562 4213 di-

507 4229 670 4280 citur.-
705 4234 888 4287 elaver.
941 4245 945 4250 ·
1035 4249 1070 4260 “

572 4305 799 4374 mmm]
813 4269 1280 4382 ‘'Regulajustitiae,
1309 4317 1445 4382 juris
1470 4307 1565 4369 ad-

852 397 1070 448 No'rAE
1115 397 1524 448 vsmnmm
1574 398 1652 447 m
1702 397 1817 448 01..
1863 395 2140 450 (maun.
2185 398 2302 449 111.

1617 537 2192 609 ministratio'nusquam
2210 536 2363 594 fl'ex'a.
2413 536 2553 593 Inde
2575 554 2697 593 rec-

1622 627 1749 681 tum,
1781 622 1896 686 ipsa
1907 617 2129 686 justitia
2199 615 2469 685 Horatius,
2490 620 2588 672 lib.
2604 635 2694 671 w.

1621 698 1794 750 Carm.
1818 702 1867 749 4.
1904 700 1925 729 ‘
1944 699 2199 750 Doctrina
2232 697 2322 748 sed
2353 699 2457 747 vim
2479 712 2695 762 promo·

1623 781 1714 825 vet
1734 776 1941 826 insitam
1965 776 2221 852 Rectiqne
2260 777 2428 826 cultus
2464 781 2696 840 pectora

1623 847 1906 904 roborant!

1689 935 1785 981 179
1838 930 2036 991 Profert
2085 931 2282 995 arcana]
2332 930 2562 991 Proser-re
2602 947 2697 981 ex-

1623 1015 1809 1073 cerpta
1826 1001 2091 1060 Medieea:
2108 998 2169 1058 ut
2189 1007 2439 1072 legendus
2454 1008 2529 1057 sic
2545 1012 2695 1074 totus

1624 1085 1769 1135 locus
1813 1085 2070 1147 videatur,
2121 1086 2140 1113 ‘
2189 1084 2423 1149 proferre
2481 1087 2699 1147 arcana,

1625 1162 1841 1212 clientes
1867 1162 2092 1224 Fallere,
2126 1167 2183 1211 et
2213 1161 2434 1211 ambitos
2477 1174 2507 1209 a
2546 1161 2699 1224 prin«

1626 1241 1745 1305 cipe
1771 1240 2237 1291 vendere-honores
2258 1240 2293 1290 ι’
2314 1239 2390 1289 ita
2409 1253 2551 1303 saepe
2575 1253 2701 1288 nos-

1625 1325 1709 1368 ter
1729 1318 2086 1369 historicorum
2107 1318 2367 1380 exemplo.
2400 1314 2467 1363 'rb
2486 1314 2696 1364 ambitos

1627 1396 1760 1445 male
1793 1396 1847 1445 in
1885 1396 2102 1459 indeptos
2134 1394 2404 1460 Claverius
2446 1389 2695 1466 mutav'it.

1628 1473 1702 1525 D.
1727 1472 1902 1524 Heius.

1697 1548 1893 1610 Profert
1934 1547 2130 1611 arcana]
2196 1545 2344 1597 Auloe
2401 1545 2694 1612 Regnique,

1630 1644 1747 1695 quae
1770 1615 2006 1694 plurima.
2076 1628 2209 1678 Haec
2254 1641 2375 1678 vero
2407 1627 2697 1677 sceleratus

1629 1708 1779 1759 homo
1801 1706 1867 1757 ob
1890 1705 2113 1771 pretinm
2137 1705 2371 1755 hostibus
2395 1693 2706 1769 populoque

1631 1783 1933 1858 prostituit.
1993 1782 2069 1833 At
2091 1779 2471 1845 sapientissime
2503 1780 2695 1831 Horat.

1632 1875 1673 1912 1.
1711 1847 1998 1925 Epistolar.
2054 1859 2071 1887 ‘
2110 1858 2375 1909 Arcanum
2416 1870 2589 1921 neque
2636 1862 2696 1906 tu

1633 1937 1949 1989 scrutaberis
1981 1935 2134 1987 ullius
2163 1949 2455 2001 umquam,
2444 1931 2699 1984 Commis-

1631 2030 1846 2080 sumqne
1886 2021 2031 2078 teges
2067 2018 2124 2063 et
2153 2012 2275 2063 vino
2308 2017 2476 2062 tortus
2498 2016 2558 2061 et
2579 2007 2697 2061 ira!

1632 2091 1781 2141 Idem
1816 2090 1973 2141 alibi.
2024 2088 2042 2118 ‘
2073 2087 2415 2153 Regibus-bic
2456 2101 2569 2138 mos
2613 2095 2698 2138 est

1632 2167 1809 2219 multis
1844 2180 2035 2240 urgere
2080 2161 2286 2216 culallis
2329 2165 2401 2214 Et
2446 2171 2698 2229 torquere

1632 2239 1776 2295 mero
1796 2257 1948 2310 quem
1973 2237 2302 2307 perspexisse
2323 2238 2602 2290 laborant?

1701 2320 1930 2370 Clienteis
1962 2318 2136 2383 Fallit]
2187 2318 2453 2367 Summum
2497 2316 2698 2367 crimen

1632 2398 1896 2448 hominnm
1926 2396 2238 2464 potentium,
2267 2408 2431 2459 usque
2469 2394 2601 2445 adeo
2639 2400 2701 2443 ut

1633 2474 1723 2524 vix
1743 2474 1903 2522 ul-lum
1926 2486 1957 2521 a
1986 2470 2158 2521 Sacris
2187 2469 2470 2533 Prophetis
2502 2468 2701 2519 abomi-

1634 2550 1857 2601 nabilius
1890 2549 2258 2615 proclametur,
2292 2561 2444 2613 quam
2475 2533 2699 2597 afflictos

1634 2629 1952 2700 mlserosque
1989 2626 2217 2677 homines
2255 2640 2309 2675 se
2349 2631 2407 2676 et
2442 2639 2538 2675 sua
2575 2623 2701 2675 fidei

1636 2706 1855 2771 alicujus
1890 2704 2295 2769 committentes,
2325 2702 2393 2752 ab
2423 2716 2485 2753 eo
2525 2701 2703 2767 decipi

1628 2789 1693 2835 ·et
1714 2781 2018 2847 depraedari.
2062 2780 2241 2831 Bas-tra.

1702 2859 1795 2910 181
1830 2857 2103 2922 Ingeminat
2124 2854 2324 2918 crimen]
2358 2856 2577 2906 Delator
2612 2855 2704 2905 ho·

1635 2937 1847 2998 minum,
1882 2947 2101 3000 quorum
2125 2939 2297 2983 errata
2326 2932 2536 2982 veritati
2557 2921 2705 2982 addi-

1635 3014 1705 3064 tis
1725 3009 1984 3062 immensis
2004 3008 2324 3059 mendaciis
2310 3022 2362 3057 m
2387 3008 2705 3073 prodigialia

1636 3090 1855 3141 crimina
1903 3087 2041 3152 apud
2087 3086 2386 3151 Principem
2444 3084 2705 3136 extendit.

1635 3163 1783 3217 Talis
1821 3164 1999 3230 Sejani
2032 3164 2230 3212 animus
2266 3161 2403 3226 apud
2436 3161 2708 3228 Tacitum,

1637 3242 1826 3293 Annal.
1851 3256 1928 3292 ιν.
1975 3238 2240 3289 ‘'inflando
2273 3238 2391 3288 odio
2422 3236 2622 3288 Tiberii
2648 3238 2703 3287 in

1636 3318 1937 3371 Germanici
1985 3315 2252 3366 sobolem?
2339 3305 2539 3365 Pulcre
2575 3329 2704 3367 vere

1635 3396 1802 3459 Titus,
1831 3395 1920 3459 qui
1951 3393 2220 3444 traductos
2243 3405 2338 3456 per
2358 3391 2709 3456 Amphithea-

1639 3479 1772 3523 trum
1819 3472 2099 3522 Delatores
2142 3468 2361 3534 flagellis
2409 3468 2613 3520 cecidit
2652 3469 2708 3518 in

1637 3549 1770 3614 foro,
1792 3543 1853 3600 et¹
1882 3550 1934 3598 i'n
1956 3563 2131 3598 servos
2155 3544 2411 3610 vendidit,
2436 3552 2499 3596 ut
2520 3552 2711 3606 auctor

1637 3625 1933 3690 Suetonius,
1954 3641 2069 3691 cap.
2090 3630 2138 3675 8.

1702 3703 1893 3767 Ignem]
1912 3703 2104 3754 Odium
2129 3701 2549 3768 iracundiamque
2563 3700 2710 3767 prin-

1638 3779 1784 3845 cipis.
1814 3780 1990 3831 Bana.
2294 3773 2299 3778 ³

1705 3860 1800 3905 182
1835 3855 2032 3918 Neam]
2062 3856 2243 3920 Auget
2263 3853 2659 3906 consentiendo.

1705 3931 2025 3993 Stimulando]
2057 3930 2143 3981 Ab
2166 3932 2313 3998 equis
2334 3945 2460 3997 quos
2483 3929 2707 3982 stimulis

1638 4010 1910 4060 fodiebant
1929 4018 2153 4060 veteres.
2184 4010 2362 4060 Bar-ih.

1704 4088 2001 4138 Stimulando
2038 4087 2202 4135 vulnus
2233 4085 2445 4149 acerbat]
2479 4085 2706 4137 Codices

1639 4163 1868 4215 nonnulli
1889 4164 2182 4214 cumulando.
2216 4164 2287 4213 D.
2312 4163 2495 4215 Heius.

1707 4247 1801 4292 183
1858 4228 2001 4292 Velut
2038 4243 2301 4291 innumeros
2335 4240 2518 4305 amnes]
2560 4240 2707 4292 Insa-

1642 4317 1872 4372 tiabilem
1914 4317 2166 4368 Avaritiae
2211 4311 2472 4384 gurgitem
2516 4317 2705 4383 pelago
