3034 4934
518 360 650 429 oess
1080 405 1090 415 -
1153 375 1270 425 cn.
1318 373 1749 423 chauonim
1791 370 2084 423 xxxvr.
2127 405 2136 414 .

605 521 782 586 Tum
811 519 1032 603 gravis
1056 539 1147 584 ex
1176 515 1313 583 alto
1342 518 1599 600 genitor
1626 517 1724 581 sic
1752 536 1949 582 orsus
1982 513 2316 599 Olym’po':

518 622 885 688 Abduxere
910 640 1098 687 meas
1126 622 1364 685 iterum
1389 620 1699 683 mortalia
1729 619 1947 697 curem,
2235 675 2242 678 .
2283 669 2292 678 ,
2401 672 2410 676 -
2697 655 2732 710 -³.‚

517 725 564 791 J
570 746 678 791 am
708 726 965 809 pridem
995 724 1296 807 neglecta
1324 723 1510 800 mihi,
1544 723 1858 788 Saturnia
1886 730 2244 809 postquam
2638 718 2723 783 20

521 827 685 893 Otia
713 836 781 895 et
807 829 1029 910 ignavi
1058 825 1313 891 senium
1343 827 1781 907 cognovimus
1811 823 1965 905 aevi,

520 927 927 1015 Sopitosque
959 932 1074 995 diu
1103 931 1395 1014 populos
1422 934 1685 1012 torpore
1713 935 1991 1012 paterno

519 1031 819 1098 Solicitae
852 1027 1110 1116 placuit
1139 1032 1432 1096 stimulis
1461 1031 1805 1115 impellere
1848 1032 2029 1109 vitae,

517 1135 799 1201 Incultis
826 1154 911 1199 ne
943 1141 1179 1218 sponte
1210 1132 1404 1218 seges
1436 1132 1900 1216 grandesceret
1929 1133 2133 1212 arvis,

517 1237 820 1321 Undaret
846 1256 980 1301 neu
1010 1237 1202 1321 sylva
1231 1237 1428 1320 ίαν-ᾖε,
1459 1254 1586 1300 neu
1616 1236 1776 1299 vina
1803 1239 2130 1300 tumerent
2639 1230 2729 1296 25

518 1329 872 1426 Fontibus,
901 1346 969 1405 et
999 1345 1158 1405 totae
1190 1339 1590 1404 fremerent
1570 1359 1640 1405 ιιι
1667 1323 1916 1424 pocula
1942 1340 2137 1423 ripae.

498 1542 701 1592 'silentes
732 1542 1032 1592 admirantur
1072 1540 1238 1592 Astra.
1294 1541 1422 1590 Tune
1456 1546 1597 1608 pater
1636 1541 1862 1590 verendus
1901 1540 1974 1589 ita
2007 1540 2206 1615 locutus·
2228 1542 2327 1587 est
2345 1552 2407 1586 ex
2435 1538 2551 1585 coelo
2579 1536 2724 1585 celso.-

518 1608 622 1657 Res
661 1609 874 1656 humanae
906 1611 1148 1655 contemta:
1183 1622 1215 1655 a
1256 1622 1328 1656 me
1360 1609 1536 1656 dudum
1570 1607 1899 1681 applicuerunt
1918 1620 2083 1654 rursus
2113 1603 2322 1653 animum
2350 1613 2523 1660 meum,
2543 1608 2727 1678 postea-

514 1688 654 1736 quam
682 1672 885 1720 vidinms
916 1672 1160 1732 ignaviam
1202 1672 1380 1721 saeculi
1422 1672 1641 1734 Saturni,
1672 1677 1723 1721 et
1755 1671 2035 1720 tarditatem
2071 1670 2233 1718 oetatis
2263 1668 2456 1717 inertis.-
2491 1672 2543 1716 et
2576 1666 2727 1716 visum

515 1742 589 1786 est
608 1738 852 1785 stimulare
873 1736 999 1785 curis
1019 1737 1132 1785 υἱέα,
1164 1737 1325 1786 anx-ire
1352 1742 1523 1798 gentes
1556 1738 1732 1786 dudum
1765 1740 2074 1799 torpescentes
2101 1734 2328 1796 ignavia
2323 1738 2575 1794 paterna,-
2613 1731 2726 1780 cavi

513 1817 573 1854 ne
574 1801 765 1863 fruges
778 1801 965 1862 iniussae
994 1806 1251 1851 crescerent
1272 1803 1324 1850 in
1346 1803 1480 1877 agris
1500 1803 1720 1864 maratis,
1740 1816 1851 1849 neve
1866 1800 2055 1850 arbores
2069 1800 2407 1862 complerentur
2418 1798 2594 1855 melle,·
2616 1810 2725 1850 neve

512 1866 672 1916 vinum
700 1868 960 1916 exundaret
983 1865 1215 1931 fontibus,
1251 1872 1298 1916 et
1329 1866 1449 1931 ripoe
1472 1882 1630 1917 omnes
1668 1882 1785 1916 cum
1827 1881 1953 1916 sono
1961 1863 2176 1930 fluerent
2198 1865 2261 1914 ad
2297 1878 2410 1913 vasa
2444 1859 2725 1927 implenda.

1443 1990 1530 2009 000
1536 1990 1589 2009 θ’
1565 1988 1766 2008 ‘m
1774 1989 1801 2007 0

512 2060 1017 2125 Reg.'1'holos.duo
1051 2065 1203 2114 Voss.
1230 2064 1331 2114 duo
1352 2064 1545 2114 Petav.
1585 2063 1716 2112 Exc.
1751 2061 1938 2112 Petav.
1961 2066 2130 2127 quart.
2153 2068 2209 2111 et
2233 2058 2353 2110 Ald.
2355 2064 2485 2108 -18
2522 2031 2723 2124 Otympo

511 2131 581 2175 est
602 2128 742 2191 vulg.
802 2129 1000 2193 Olympo
1018 2129 1128 2179 sine
1165 2135 1237 2179 est
1257 2130 1410 2180 Voss.
1425 2144 1506 2192 pr.
1522 2129 1749 2178 chartac.
1767 2127 1954 2178 Heius.
1981 2128 2176 2178 Moret.
2195 2141 2271 2189 pr.
2289 2126 2490 2174 Bonon.
2508 2125 2723 2175 Thalos.

511 2190 693 2240 Ambr.
719 2200 840 2241 tert.
879 2193 983 2242 duo
1020 2193 1141 2244 Jun.
1171 2195 1274 2243 duo
1299 2194 1473 2243 Oxou.
1507 2192 1632 2243 Ald.
1658 2199 1714 2242 et
1735 2192 1818 2242 ed.
1841 2193 2014 2242 Vicet.
2065 2197 2132 2241 est
2166 2191 2280 2240 solio
2296 2191 2489 2252 genitor
2507 2189 2581 2237 sic
2596 2204 2725 2246 orsus

510 2256 570 2304 ab
591 2257 686 2305 alto
710 2258 838 2305 Exc.
864 2257 1378 2321 Petav.qua1t.-l9
1413 2258 1669 2308 Obduxere
1691 2256 1816 2307 Vat.
1839 2263 1966 2307 tert.
2016 2257 2275 2306 Adduxere
2297 2262 2406 2305 tres
2432 2256 2585 2304 Vatt.
2614 2255 2726 2316 Flo,

511 2327 649 2378 rent.
668 2321 815 2378 ,Put.
833 2322 1035 2380 ,Petam
1081 2338 1183 2373 sec.
1216 2325 1419 2373 Bonon.
1453 2324 1659 2372 Tholos.
1692 2323 1843 2372 Voss.
1882 2337 1960 2385 pr.
1995 2319 2176 2371 Ambr.
2215 2326 2337 2371 tert.
2382 2321 2508 2369 Exc.
2533 2320 2721 2372 Petav,

510 2391 680 2447 quart.
737 2384 991 2436 Abduxere
1012 2387 1136 2437 Vat.
1163 2402 1267 2437 sec
1294 2395 1348 2438 et
1375 2387 1426 2437 d.
1459 2388 1684 2437 chartac.
1707 2385 1889 2437 Heius.
1912 2385 2035 2436 Ald.
2091 2387 2349 2436 Adduxere
2369 2384 2450 2433 vel
2471 2384 2725 2434 Abduxere

511 2450 642 2512 Reg.
680 2440 853 2499 Oxou.
888 2466 968 2514 pr.
1006 2452 1156 2508 Voss.
1183 2468 1284 2503 sec.
1322 2452 1569 2502 Heinsius
1597 2452 1916 2515 ascripserat
1936 2452 2245 2515 sequentia.
2282 2448 2597 2511 ‘Abduxerd
2619 2449 2726 2504 haec

508 2528 634 2563 vera
656 2515 832 2564 lectio.
849 2516 883 2564 i.
908 2531 954 2565 e.
977 2522 1248 2566 avocarunt.
1287 2519 1363 2567 sic
1396 2518 1622 2567 abducere
1653 2517 1880 2566 occurrit
1907 2516 2047 2566 Hist.
2075 2515 2211 2578 Aug.
2236 2531 2286 2579 p.
2304 2518 2382 2564 24.
2410 2514 2474 2562 de
2496 2513 2724 2574 avocandi

508 2578 667 2629 verbo
689 2579 790 2630 vid.
814 2581 1028 2629 Salmas.
1053 2582 1117 2631 ad
1134 2580 1276 2632 Hist.
1302 2582 1439 2646 Aug.
1460 2598 1508 2646 p.
1525 2586 1605 2632 42.
1621 2586 1770 2631 et59.
1793 2587 1849 2630 et
1867 2581 2096 2632 Gronov.
2120 2581 2184 2629 ad
2201 2580 2420 2630 Livium.
2424 2578 2571 2628 ’-20
2597 2578 2727 2627 Nam

619 2659 691 2693 em
728 2645 854 2694 Put.
903 2648 1080 2695 dudum
1112 2648 1318 2698 Tholas.
1357 2648 1486 2697 Exc.
1526 2648 1714 2698 Petav.
1736 2653 1907 2711 quart.
1910 2651 2036 2695 —21
2073 2646 2389 2708 cognoscimus
2407 2644 2529 2694 Vat.
2591 2649 2727 2693 uart.

559 2709 625 2758 al
628 2714 758 2759 -22
791 2712 1016 2771 languore
1032 2717 1228 2774 paterno
1264 2712 1450 2763 Petav.
1484 2727 1564 2775 pr.
1606 2711 1788 2760 Ambr.
1812 2718 1934 2761 tert.
1983 2726 2142 2773 sopore
2183 2710 2300 2760 edd.
2335 2709 2506 2758 Vicet.
2597 2723 2721 2759 arm.

509 2772 658 2822 Colin
661 2778 803 2824 .--28
837 2775 1271 2828 SollicitosAmbr.
1294 2783 1417 2828 tert.
1469 2777 1685 2826 stimulos
1703 2776 1823 2826 Vat.
1846 2775 2007 2840 quint.
2035 2776 2268 2825 Florent.
2300 2774 2402 2825 inc.
2428 2773 2617 2823 Heius.
2637 2772 2720 2824 ed.

505 2838 681 2888 Vicet.
731 2840 937 2890 stimulis
960 2841 1060 2891 duo
1086 2842 1230 2896 Med.
1268 2842 1454 2895 Helua.
1476 2842 1549 2892 H.
1574 2842 1697 2891 Put.
1723 2842 1856 2904 Reg.
1879 2841 2067 2891 Petav.
2089 2856 2168 2904 pr.
2190 2841 2395 2890 Tholos.
2425 2839 2621 2888 Moret.
2644 2853 2724 2902 pr.

505 2903 626 2952 Vnt.
659 2903 827 2954 Livin.
872 2905 974 2954 duo
1008 2906 1158 2960 Voss.
1204 2908 1334 2962 Exc.
1386 2907 1576 2958 Petav.
1623 2913 1795 2970 quart.
1867 2908 2133 2971 impendere
2184 2906 2306 2956 Jun.
2361 2918 2448 2952 sec
2455 2908 2604 2954 .-24
2636 2919 2727 2953 neu

506 2971 666 3029 sponte
687 2969 890 3019 Bonon.
939 2977 1248 3021 concresceret
1264 2973 1412 3022 Voss.
1436 2987 1513 3035 pr.
1555 2975 1847 3033 gravesceret
1871 2970 2050 3020 Ambr.
2083 2977 2206 3021 tert.
2248 2971 2585 3032 grandesceret
2607 2969 2725 3018 Put.

504 3031 697 3081 Petav.
735 3048 812 3095 pr.
868 3037 1168 3095 gradesceret
1213 3037 1341 3100 Reg.
1397 3038 1692 3085 candesceret
1725 3037 1856 3085 Exc.
1893 3033 2076 3085 Petav.
2114 3043 2283 3111 quart.
2338 3041 2606 3083 canesceret
2641 3033 2725 3082 vel

503 3103 805 3157 gravesceret
838 3098 919 3146 vel
959 3102 1288 3159 grandesceret
1330 3101 1455 3151 Vat.
1501 3116 1603 3151 sec.
1643 3102 1795 3151 Voss.
1818 3116 1923 3150 sec.
1926 3105 2053 3149 -25
2090 3115 2183 3149 non
2202 3100 2322 3149 silva
2355 3099 2507 3148 Voss·
2531 3113 2613 3162 pr.
2669 3112 2727 3146 ne

505 3160 630 3209 silua
662 3159 845 3224 ἰωὴ,-
866 3177 926 3210 ne
963 3171 1185 3227 quatuor
1244 3166 1392 3215 Vatt.
1451 3166 1650 3216 Moret.
1689 3181 1769 3229 pr.
1809 3166 1998 3215 Petav.
2045 3179 2152 3215 sec.
2202 3164 2382 3215 Ambr.
2433 3169 2557 3212 tert.
2599 3162 2729 3213 0οά-

503 3223 793 3277 Bartholin.
845 3226 945 3276 duo
1002 3228 1127 3281 Jun.
1178 3231 1307 3280 Exc.
1345 3230 1534 3281 Petav.
1590 3237 1764 3294 quart.
1837 3246 1897 3279 ne
1932 3231 2046 3284 vina
2093 3231 2322 3282 Florent.
2380 3229 2482 3278 inc.
2539 3228 2727 3278 Heins-

506 3293 638 3339 -26
685 3296 768 3340 aut
808 3296 924 3341 totae
955 3293 1079 3343 Vat.
1119 3309 1228 3344 sec.
1251 3295 1397 3351 Voss.
1419 3311 1529 3350 sec.
1560 3295 1772 3359 fluerent
1807 3295 1932 3348 Jun.
1972 3310 2078 3381 sec.
2127 3298 2320 3348 ruerent
2348 3294 2434 3343 vel
2459 3292 2725 3370 fremerent

1499 3422 1716 3473 NOTAE

570 3521 632 3572 18
668 3517 895 3586 Genitor]
928 3513 1142 3584 Jupiter
1165 3520 1180 3548 ‘
1201 3519 1394 3574 Divum
1420 3497 1574 3585 pater
1652 3519 1905 3588 Virgilio·
1940 3518 1958 3546 ‘
1980 3520 2096 3569 Nec
2121 3484 2336 3584 torp-ere
2359 3518 2507 3584 gravi
2540 3532 2724 3583 passus

498 3602 660 3663 ,atque
682 3595 940 3649 hominum
965 3595 1095 3649 rex?
1128 3597 1396 3659 Virgilius.
1652 3611 1745 3646 sua
1778 3611 1939 3661 regna
1962 3595 2213 3660 veterno,'
2247 3599 2348 3646 ὅτε.
2416 3594 2555 3645 Nam
2578 3592 2727 3659 Jupi-

568 3671 684 3720 Alto
707 3671 929 3735 Olympo]
964 3674 1047 3721 Ex
1076 3673 1260 3724 altiore
1298 3673 1418 3723 coeli
1455 3687 1573 3737 par·
1652 3682 1753 3738 ter,
1787 3690 2003 3739 perosus
2048 3676 2207 3726 vitam
2231 3675 2375 3724 illam
2409 3675 2643 3740 quletam
2665 3677 2724 3732 et

504 3753 592 3802 te.
630 3747 725 3798 Dii
747 3749 838 3798 alu
850 3746 1150 3803 infertorem
1174 3752 1347 3800 locum
1367 3758 1570 3801 tenent.
1652 3751 1911 3816 placidam
1954 3751 2133 3801 saeculi
2167 3750 2417 3813 saturnii,
2449 3750 2618 3800 voluit
2639 3749 2726 3798 ho·

566 3827 631 3872 20
663 3823 892 3874 Saturnia
913 3826 1036 3889 otia]
1091 3826 1319 3890 Pigritia
1352 3828 1571 3913 scilicet,
1651 3829 1817 3877 mines
1871 3841 1976 3877 non
2036 3827 2255 3891 amplius
2312 3824 2508 3876 ducere
2565 3826 2722 3875 vitam

503 3900 665 3965 qualis
687 3908 803 3949 erat
827 3906 1079 3964 regnante
1097 3900 1339 3956 Saturno.
1650 3909 1924 3969 expertem
1964 3917 2202 3953 curarum
2241 3908 2297 3952 et
2340 3901 2596 3965 moeroris,
2630 3900 2723 3951 sed

568 3978 631 4031 21
665 3974 883 4038 Senium]
950 3975 1226 4039 Pigritiam
1263 3984 1318 4027 et
1352 3978 1571 4029 tar-dita·
1650 3979 1877 4044 parando
1922 3979 2085 4029 victui
2122 3979 2287 4064 multo
2306 3990 2423 4029 cum
2447 3976 2661 4028 labore'
2647 3991 2720 4026 ιιι-

501 4056 629 4112 tem,
649 4050 814 4119 qualis
836 4058 917 4100 est
940 4051 993 4099 in
1016 4052 1242 4104 senibus.
1649 4055 1884 4119 vigilare.

568 4130 634 4175 22
673 4127 877 4191 Tor-pore
897 4129 1115 4196 paterno]
1147 4130 1377 4197 Torpore
1408 4138 1466 4182 et
1495 4133 1572 4184 in·
1715 4136 1782 4181 26
1814 4130 2117 4202 Fremerent]
2166 4130 2316 4199 Ripae
2340 4135 2647 4195 paterentur
2666 4143 2718 4178 a·

503 4202 660 4266 ertia,
701 4218 855 4268 quam
899 4205 1200 4270 patiebatur
1237 4216 1389 4273 pater
1425 4223 1570 4261 meus
1653 4222 1779 4274 quas
1797 4206 2099 4271 frementes,
2122 4222 2214 4257 seu
2232 4222 2349 4258 cum
2366 4207 2539 4257 sonitu
2561 4205 2720 4258 fluen-

503 4276 770 4332 Saturnus.
831 4280 1003 4333 Locus
1051 4280 1138 4335 hic
1193 4283 1459 4338 desumtus
1503 4300 1573 4338 ex
1654 4290 1736 4337 tes
1756 4283 1825 4336 sd
1850 4299 1975 4337 vasa
1994 4284 2290 4339 accolarum
2310 4282 2592 4352 implenda.
