3034 4934
497 390 671 460 1182

1232 405 1348 457 01⁴.
1394 404 1824 457 CLAUDIAM
1871 404 1938 453 G.

1540 756 1643 833 C.

1190 1013 1298 1078 50.

1407 1010 1519 1076 IN
1566 1007 2003 1076 SIRENAS.

497 1200 615 1267 Du
628 1215 766 1264 Lon
794 1198 1048 1264 malum
1073 1197 1315 1284 pelago
1345 1197 1558 1276 Siren,
1583 1197 2023 1278 volucresque
2051 1192 2316 1279 puellae,

498 1298 822 1388 Scyllaeos
850 1303 1020 1367 inter
1046 1302 1363 1376 fremitus,
1395 1302 1792 1384 avidamque
1825 1295 2232 1382 Charybdin,
2263 1298 2270 1303 '
2353 1366 2356 1367 ⁷

499 1404 770 1470 Musica
794 1423 966 1469 saxa
990 1403 1177 1468 fretis
1204 1404 1596 1469 habitabant
1622 1403 1849 1467 dulcia
1872 1404 2188 1478 monstra,

497 1505 762 1572 Blanda
790 1509 1040 1593 pericla
1066 1509 1268 1574 maris
1292 1529 1310 1588 3
1355 1513 1561 1573 terror
1588 1524 1854 1590 quoque
1885 1510 2107 1587 gratus
2135 1502 2207 1566 in
2234 1498 2463 1565 undis.

499 1607 763 1674 Delatis
792 1609 948 1676 licet
973 1609 1106 1674 huc
1137 1611 1547 1676 incumberet
1573 1627 1737 1673 aura
1766 1607 2033 1683 cariniS,
2666 1603 2711 1666 5

570 1772 732 1834 Siren,
766 1774 940 1822 molum
961 1773 1221 1837 jucundum
1241 1775 1293 1823 in
1322 1776 1505 1838 pelago,
1539 1779 1588 1824 et
1606 1773 1819 1836 virgines
1848 1773 1990 1822 alotae
2021 1771 2151 1820 inter
2178 1764 2417 1821 murmuro
2449 1768 2645 1834 Scylloe,
2665 1774 2715 1818 a

507 1836 775 1902 Charybdis
793 1841 977 1902 rapacis
995 1839 1258 1889 incolebant
1274 1855 1413 1904 rupes
1443 1844 1714 1888 resonantes
1729 1840 1780 1888 in
1791 1837 1926 1898 freto
1941 1854 1958 1887 .·
1988 1837 2070 1886 hae
2104 1836 2310 1886 Sirenes
2332 1843 2481 1885 eraut
2500 1840 2716 1884 monstra

498 1906 663 1969 poto,
676 1904 887 1968 periculo
907 1904 1061 1954 dulcio
1079 1906 1256 1970 pelagi,
1289 1906 1432 1954 timor
1463 1906 1608 1954 etium
1642 1904 1859 1954 amabitis
1890 1903 1941 1952 in
1962 1901 2113 1967 aquis.
2181 1901 2410 1958 Quamvis
2429 1905 2599 1950 ventus
2608 1898 2716 1960 fer·

1425 2033 1602 2053 “““

1605 2032 1781 2052 00000

569 2095 686 2146 Hoc
709 2097 1043 2162 Epigramma
1083 2108 1200 2151 erat
1242 2099 1296 2150 in
1333 2099 1567 2150 Schedia·
1586 2098 1859 2162 Gudianis‚
1890 2097 1983 2148 sed
2020 2096 2224 2146 in·Mss.
2256 2093 2515 2159 omnibus,
2547 2098 2607 2144 et
2631 2093 2713 2144 ed.

504 2160 680 2211 Parin.
706 2162 1049 2215 desideratur.

567 2231 593 2275 1
629 2226 815 2277 Sireaoe
852 2243 950 2293 pro
981 2230 1126 2280 Siren
1167 2228 1288 2281 edd.
1325 2228 1449 2280 Ald.
1486 2229 1676 2295 Isiugr.
1711 2227 2016 2293 θηρὶ-4
2048 2231 2289 2292 terrorque
2303 2230 2473 2289 gratas
2494 2225 2549 2274 in
2568 2223 2715 2274 andis

1496 2366 1712 2419 NOTAE

567 2482 596 2527 l
630 2477 782 2529 Dulce
802 2480 995 2545 molum]
1056 2481 1247 2533 Nautis
1260 2483 1566 2548 jucundum,

505 2551 597 2602 sed
621 2554 780 2604 etiam
803 2556 1076 2610 inimicum.

568 2629 732 2696 Siren]
758 2633 838 2684 De
854 2635 1121 2687 sirenibus
1131 2638 1239 2703 jam
1257 2653 1414 2703 supra
1430 2653 1567 2705 quae-

502 2705 618 2757 dam
660 2708 915 2761 diximus:
968 2712 1059 2763 sed
1098 2715 1198 2764 hoc
1231 2716 1457 2766 addatur
1496 2731 1565 2766 ex

503 2782 688 2834 diebus
712 2785 1017 2840 Genialihus
1053 2791 1250 2843 laudati
1272 2793 1383 2856 jam
1405 2793 1564 2844 Alex-

1646 2491 1712 2534 toe
1734 2500 1748 2533 z
1782 2497 1932 2534 secus
1954 2481 2023 2532 de
2056 2478 2337 2541 sirenibus,
2373 2493 2493 2544 quae
2517 2476 2586 2527 ah
2611 2476 2716 2526 Eu·

1644 2560 1817 2624 ripide
1878 2560 2122 2631 dicuntur
2170 2555 2456 2620 Πτεροφόροι
2508 2553 2716 2604 maes

1645 2636 1889 2704 napum,
1913 2640 2056 2688 alote
2072 2637 2237 2701 puelle
2263 2633 2507 2696 Virginea.
2541 2631 2713 2682 Porro

1643 2716 1850 2766 Sirenes
1879 2715 2126 2766 dicuntur
2163 2726 2264 2762 non
2300 2708 2396 2759 ἀπὸ
2414 2710 2504 2758 τοῦ
2535 2706 2714 2772 σύρειν,

1642 2793 1852 2854 trahere,
1892 2790 1993 2840 etsi
2030 2794 2191 2840 cantu
2222 2793 2405 2838 nautas
2446 2786 2714 2836 attrahere

503 2860 647 2911 andri
661 2861 727 2912 ab
746 2862 1077 2917 Alexandro:
1110 2868 1313 2921 aiebat‘
1333 2870 1568 2921 Theodo-
1636 2868 1927 2933 jactentur,
1981 2865 2172 2931 alioqui
2235 2870 2422 2914 contra
2475 2869 2712 2917 veterem

503 2951 590 2987 rus
613 2938 772 3002 Gaza,
797 2942 875 2990 vir
905 2942 1097 2995 Graeca
1113 2944 1352 2999 facundia
1375 2948 1566 3013 clarus,

501 3020 559 3064 et
600 3015 951 3083 Philosophia».
1005 3023 1285 3089 praeceptis
1335 3022 1564 3074 imbutus

502 3091 881 3153 egregie...cum
905 3094 957 3143 in
976 3095 1341 3161 Peloponneso
1365 3105 1564 3163 ageret,

501 3171 558 3217 et
579 3164 716 3216 foeda
738 3170 890 3219 maris
913 3177 1225 3236 tempestate
1248 3175 1435 3226 oborta
1470 3176 1563 3225 du-

498 3242 697 3294 rissimo
726 3251 965 3311 tempore
1006 3250 1144 3315 anni,
1181 3254 1425 3303 nonnulla
1457 3254 1564 3318 pis-

500 3320 637 3370 cium
671 3331 897 3375 monstra
937 3327 1177 3390 procellat
1207 3329 1273 3379 ad
1296 3331 1443 3382 littus
1466 3331 1563 3380 illi-

499 3397 705 3462 sissent‚
742 3400 880 3451 iuter
919 3408 1101 3455 cetera
1144 3405 1332 3457 vidisse
1378 3407 1564 3457 Nerei-

499 3474 616 3524 dem
657 3476 708 3524 in
750 3476 924 3528 littore
967 3478 1214 3535 fluctibus
1253 3485 1563 3549 expositam,

498 3551 763 3603 viventem
799 3556 912 3618 jam
955 3563 1011 3608 et
1061 3559 1363 3625 spirantem,
1415 3563 1564 3612 vultu

498 3628 633 3680 haud
648 3630 881 3682 absimili
917 3633 1162 3700 humano,
1198 3635 1334 3687 facie
1357 3652 1565 3702 quoque

500 3703 709 3766 decora,
732 3721 898 3773 neque
924 3712 1199 3763 invenusta
1229 3715 1426 3779 specie,
1449 3730 1564 3766 cor-

498 3794 626 3842 pore
650 3785 875 3845 squamis
899 3787 1032 3841 hirto
1049 3787 1114 3837 ad
1139 3788 1331 3854 pubem
1355 3805 1567 3855 usque...

498 3856 602 3906 Sed
643 3871 773 3920 eam,
802 3874 917 3911 cum
948 3864 1071 3912 sein
1094 3865 1234 3916 sicco
1263 3865 1565 3917 destitutam

497 3932 723 3998 videret,
738 3949 850 3999 prae
871 3937 1047 3989 dolore
1066 3942 1286 4004 gemitus
1302 3943 1565 4009 spirantes

499 4015 558 4057 et
580 4010 836 4075 lacrymas
859 4012 1048 4065 uberes
1072 4016 1313 4070 dedisse!
1351 4020 1427 4070 At
1445 4037 1561 4071 cum

500 4085 646 4148 aquis
686 4087 892 4140 admota
925 4096 1082 4157 esset,
1106 4103 1375 4146 crescente
1396 4095 1563 4148 fluctu

499 4170 568 4206 ex
605 4163 767 4214 oculis
804 4166 1097 4219 mirantium
1131 4174 1358 4225 evanuit.
1422 4175 1562 4225 Sire-

501 4246 593 4284 nes
620 4240 799 4290 aut'em
831 4249 886 4292 et
918 4244 1175 4298 Nereides
1207 4249 1348 4317 iutqr
1380 4266 1438 4301 se
1462 4252 1563 4302 dis-

499 4320 736 4377 crepant.
812 4319 1068 4374 Nereides
1122 4339 1225 4375 uon
1281 4334 1403 4379 sunt
1458 4330 1562 4380 ala-

1645 2944 1905 2995 scrihendi
1946 2944 2219 3006 rationem,
2250 2941 2528 2991 dicendum
2572 2936 2734 2991 esset'

1642 3021 1878 3088 Syrenes:
1910 3021 2003 3071 sed
2039 3021 2116 3070 sic
2139 3020 2468 3085 appellantur
2500 3016 2595 3067 ἆπδ
2626 3019 2714 3077 τῆς

1644 3101 1817 3165 σειρᾶς,
1856 3099 1991 3166 quod
2030 3099 2267 3148 vinulam
2309 3101 2382 3147 est
2423 3101 2473 3146 et
2525 3100 2710 3158 catena,

1644 3176 1783 3243 quod
1806 3177 1911 3226 suis
1927 3173 2266 3226 concentibus
2282 3173 2482 3223 vinctas
2500 3171 2715 3222 audien·

1648 3254 1775 3304 tium
1798 3268 1949 3303 aures
1986 3259 2169 3303 tenere
2201 3257 2360 3316 atque
2384 3244 2600 3300 irretire
2617 3247 2711 3298 fiu-

1645 3337 1850 3396 gantur.

1718 3404 2217 3470 Volucremepuelloe]
2239 3403 2328 3454 Ita
2344 3402 2711 3469 pingebantur,

1646 3490 1705 3534 ut
1742 3484 1972 3548 pulchrae
2012 3482 2152 3532 inter
2187 3480 2384 3544 puellas
2430 3479 2711 3545 pulcherri-
2817 3518 2824 3521 .

1646 3574 1774 3621 mas,
1794 3565 1949 3609 cantu
1976 3562 2139 3623 gratas
2177 3557 2317 3608 iuter
2351 3572 2474 3608 aves
2497 3570 2710 3608 canoras

1644 3634 1980 3686 haberentur.

1709 3706 1743 3761 2
1776 3710 2017 3775 Scyllam,
2040 3709 2308 3774 carybdim]
2357 3712 2374 3739 ‘
2402 3709 2544 3761 Hinc
2565 3708 2709 3761 fabu-

1643 3789 1709 3837 1ae
1735 3786 2049 3853 Charybdim
2075 3794 2131 3838 et
2164 3787 2396 3851 Scyllam
2418 3801 2706 3853 peperere;

1642 3865 1764 3914 hinc
1803 3865 2020 3931 latratus
2062 3863 2303 3925 auditus3
2334 3864 2456 3914 hinc
2492 3862 2707 3914 monstri

1645 3942 1868 3992 credita
1897 3942 2171 3991 simulacra
2228 3941 2348 3990 dum
2408 3943 2707 4006 navigantes

1645 4019 1841 4084 magnis
1881 4018 2166 4068 vorticibus
2209 4019 2380 4082 pelagi
2425 4018 2704 4071 desidentis

1643 4099 1881 4147 exterriti
1923 4099 2118 4147 latrare
2153 4103 2336 4161 putant
2371 4096 2549 4158 undas,
2582 4108 2703 4160 quas

1644 4176 1902 4225 sorbentis
1925 4182 2083 4225 aestus
2106 4188 2298 4238 vorago
2320 4170 2595 4222 condidit!

1707 4255 1738 4301 8
1773 4253 1936 4302 Fretis
1954 4251 2255 4315 habitabant]
2286 4251 2493 4300 Sirenes
2511 4248 2705 4298 hahita·

1641 4326 1770 4380 baut
1793 4343 1918 4379 saxa
1939 4329 1991 4379 in
2015 4327 2151 4378 freto
2186 4327 2381 4393 Siculo,
2401 4326 2495 4378 sed
2519 4325 2704 4376 Musica
