3034 4934
1083 380 1162 429 IN
1215 377 1568 430 anamim
1617 379 1762 432 mu.
1811 381 1862 431 1.
1936 449 1943 456 ἱ
2388 366 2568 434 -1241

355 535 484 573 ·rum
526 520 786 572 contraria
833 521 1073 586 jungere.
1139 523 1427 573 Horatius:

362 600 382 628 ⁸
399 600 674 650 ardentem
693 598 914 690 frigidus
955 600 1163 649 AEtnam
1185 598 1432 652 Insiluit?

364 676 547 728 Barth.

1507 529 1563 573 et
1607 523 1863 573 secundus
1909 523 2217 575 Mediceus.
2261 525 2415 576 male.
2496 513 2570 577 Β.

1506 600 1682 727 Heit'gg
1701 678 1808 727 Dea
1828 676 2057 742 prosiliit]
2103 678 2265 726 Totus
2301 623 2386 727 bic
2424 678 2569 729 locus

353 771 360 778 ·
428 756 524 802 123
561 752 654 801 Est
684 754 808 802 locas
834 757 1098 803 extremum
1125 755 1294 817 pandit
1334 770 1428 818 qua
1503 766 1778 817 expressus
1797 761 1879 803 est
1903 753 1967 803 ad
1990 752 2378 803 similitudinem
2393 753 2571 819 Statii,

351 829 536 879 -Gallia
548 829 687 892 litus]
723 829 879 879 Haud
894 829 1052 879 dubie
1072 830 1294 880 Galliam
1309 831 1426 880 ideo

1502 828 1592 878 lib.
1617 843 1658 878 1.
1691 830 1937 881 Thebaid.
1978 845 2050 880 vs.
2075 834 2186 879 125.
2229 844 2444 895 qumque
2478 831 2568 880 ille

358 901 594 955 nominat
649 906 981 968 Claudianus,
1046 906 1182 972 quod
1239 907 1426 957 exinde
1491 905 1568 954 de
1594 906 1820 956 Graecia*
1840 905 2341 970 regionibus,noster
2361 906 2426 955 de
2447 906 2567 957 Bri-

345 980 509 1034 ·dncti
531 984 735 1033 natales
763 983 963 1035 Rufina.
1002 979 1282 1033 Extremam
1302 986 1426 1035 Gal-

360 1057 482 1108 liam
505 1059 635 1110 dicit
657 1060 872 1110 Oceano
892 1059 1176 1111 finitimam.
1201 1061 1204 1064 ’
1276 1089 1282 1098 ·

429 1139 524 1186 124
562 1137 740 1186 Oceani
751 1138 1175 1203 prestent-usmis]
1207 1137 1422 1189 cinctus

348 1207 595 1262 Oceano.
660 1212 840 1261 Barth.
945 1241 948 1250 ·

379 1297 384 1304 ·
407 1307 410 1312 ·
407 1285 700 1346 Ubifertur
738 1287 954 1353 Ulysses]
1000 1290 1088 1340 Sic
1128 1291 1423 1357 Isingriuia-

358 1375 455 1412 uns
476 1368 543 1412 et
566 1364 832 1415 Lucensis.
899 1368 1181 1432 vulgatum
1220 1386 1311 1434 quo
1335 1372 1423 1419 du-

358 1433 661 1502 riusculum,
715 1442 838 1508 quia
893 1459 983 1507 qua
1038 1454 1419 1508 praecesserat:

357 1528 477 1563 mox
499 1516 636 1565 idem
649 1517 898 1569 Lucensis
913 1521 1105 1571 rectius
1113 1525 1421 1587 populumque

354 1591 570 1641 silentem
609 1608 763 1657 quam
804 1596 1004 1659 vulgati
1041 1597 1292 1649 silentum.-
1328 1601 1421 1650 lib.

355 1679 419 1719 11⁵.
445 1669 511 1719 de
534 1672 692 1736 Rapt.
723 1675 740 1702 ‘
761 1676 1053 1741 populoque
1087 1676 1259 1727 silenti
1290 1679 1419 1727 Tra-

356 1741 529 1796 deris.'·
595 1749 789 1798 Statius
811 1751 975 1800 Theb.
1000 1766 1078 1801 tv.
1112 1753 1129 1781 ‘
1153 1752 1216 1801 In
1236 1767 1418 1817 specu-

348 1821 424 1872 -Es
438 1824 588 1873 Mors
608 1831 719 1874 atra
738 1826 904 1889 sedet,
925 1824 1245 1894 dominisque
1265 1828 1418 1878 silen-

334 1897 438 1948 ’που
460 1896 789 1951 Annumerat‘
802 1903 1020 1965 populos
1036 1902 1069 1952 τ’
1102 1904 1179 1954 ita
1209 1904 1417 1954 minima

353 1976 641 2025 mutatione
661 1977 865 2037 scrib03
899 1992 1017 2028 nam
1051 1980 1252 2044 scripti,
1267 1981 1417 2030 ‹lomi-

345 2051 495 2117 nique
509 2081 515 2086 -
530 2054 739 2104 silentes.
803 2056 1017 2119 Vulgati
1050 2057 1316 2121 dominique
1350 2060 1416 2108 si-

345 2127 510 2178 lentis.
573 2129 855 2180 Plutonem
878 2137 934 2180 et
956 2131 1319 2196 Proserpinam
1342 2133 1417 2182 in-

354 2205 576 2267 telligit:
614 2213 792 2258 noster
814 2207 882 2265 de
898 2208 1057 2273 Rapt.
1081 2209 1170 2260 lib.
1190 2224 1254 2262 11.
1287 2212 1304 2240 ‘
1327 2212 1416 2261 do-

341 2280 504 2331 minis
557 2283 867 2336 intrantibus
922 2285 1103 2348 iugens
1163 2284 1416 2352 Adsurgit

347 2353 715 2422 Phlegethon?
768 2361 942 2411 Possis
965 2368 1021 2411 et
1037 2362 1255 2413 domiuo.-
1288 2380 1413 2428 quo—

350 2433 505 2485 modo
541 2436 700 2487 Theb.
722 2450 826 2487 ιιι.
858 2437 1204 2487 ‘Umbrarum
1238 2446 1416 2490 custos

339 2505 719 2612 inhumataque
756 2527 976 2590 corpora
1009 2517 1119 2581 regi
1152 2515 1412 2567 Annume·

341 2587 494 2640 satz'
499 2591 614 2642 sed
654 2593 874 2644 alterum
912 2587 1148 2658 praestat.
1216 2595 1411 2644 Seneca

339 2657 585 2716 :Hercule
622 2669 741 2720 Fur.
776 2668 897 2722 Act.
919 2678 1006 2725 111:
1029 2685 1103 2720 sc.
1125 2676 1174 2720 2.
1209 2671 1411 2722 ‘Tristi

349 2740 594 2792 silentem
616 2744 791 2796 nubilo
829 2746 979 2813 liquit
1017 2747 1259 2811 domum‚'
1293 2763 1411 2798 cum

352 2819 581 2885 antiquis
603 2821 765 2890 libris.
806 2825 1009 2877 Umbras
1027 2826 1219 2876 silentes
1237 2826 1408 2891 Virgi-

350 2895 452 2946 lius
473 2896 606 2949 dixit
627 2898 718 2950 lib.
739 2914 817 2952 vl.
840 2917 856 2963 ς
894 2909 949 2951 et
970 2902 1112 2953 Ovid
1135 2916 1262 2955 xm.
1297 2904 1412 2953 Me·

333 2972 479 3022 tam.
512 2974 530 3002 ‘
554 2973 740 3026 AEacus
759 2977 880 3029 huic
893 2985 1045 3043 pater
1065 2986 1163 3044 est,
1185 2980 1272 3045 qui
1288 2980 1413 3044 jura

348 3048 623 3101 silentibus
644 3052 838 3104 umbris
863 3055 1090 3106 Reddit!
1137 3058 1282 3106 Male
1302 3059 1411 3107 vul-

348 3139 437 3189 go,
464 3128 709 3179 silentibus
725 3129 858 3180 illic.-
889 3131 1038 3195 plura
1066 3131 1138 3183 ibi
1160 3132 1408 3184 dicemus.

333 3199 423 3252 -.Β
443 3202 621 3254 Heius.

389 3283 507 3331 125
563 3282 809 3347 Sanguine
859 3286 1029 3353 libato]
1096 3288 1409 3339 Necessario

337 3371 493 3407 mre
515 3359 581 3408 ad
603 3362 961 3413 evocationem
978 3363 1300 3414 umbrarum.
1334 3365 1410 3415 vi-

335 3431 742 3500 deAmobium,
757 3438 848 3489 lib.
870 3453 971 3489 vn.
1037 3441 1216 3491 Barth.

333 3543 344 3558 ,
389 3511 669 3576 ζΡοριιὶαηι]
700 3513 872 3565 Omne
890 3530 1068 3579 genus.
1135 3518 1316 3568 Barth.

411 3592 508 3639 12¹7
532 3590 731 3641 maius
747 3594 941 3643 auditur
960 3594 1174 3658 questus]
1193 3615 1203 3625 ¹
1222 3595 1410 3645 Audita

342 3668 559 3730 quartus
578 3666 882 3718 Vaticanus.
946 3670 1018 3719 D.
1042 3670 1213 3721 Heius.
1345 3697 1349 3702 ·

331 3782 338 3789 .
387 3741 681 3793 Butuntum
710 3745 914 3809 pallida]
967 3747 1194 3798 Umbras
1214 3754 1406 3798 mortu-

339 3832 491 3869 orum
511 3832 637 3883 quas
658 3819 928 3884 fingebant
943 3823 1087 3873 miris
1117 3821 1298 3873 formis
1317 3838 1405 3874 ve-

342 3897 500 3950 teres.
569 3899 822 3951 Ovidius:
856 3901 872 3930 ‘
895 3902 1187 3968 Persequar
1220 3909 1277 3951 et
1297 3903 1406 3952 vul·

331 3978 429 4027 -tus
471 3989 625 4026 ossea
663 3975 832 4026 forma
869 3977 1021 4027 tuos!
1113 3978 1406 4042 Lucretius,

340 4064 381 4102 1.
393 4067 402 4098 t
414 4052 432 4079 ⁴
451 4051 558 4101 Sed
583 4052 818 4116 quadam
830 4053 1104 4105 simulacra
1114 4054 1279 4105 modis
1294 4056 1406 4120 pal-

330 4127 509 4178 lentia
527 4125 707 4180 miris!
771 4129 951 4181 Barth.

331 4234 335 4238 -
383 4206 505 4256 :128
539 4204 762 4267 Migrare
774 4206 993 4272 figuras]
1044 4210 1276 4257 catervas
1297 4208 1405 4271 pti-

330 4294 455 4337 -mus
463 4281 781 4336 Vaticanus:
815 4283 1002 4348 magii-c
1018 4283 1405 4349 Rottendorpb.

1501 983 1694 1045 tannia,
1737 981 1928 1046 Gallia,
1981 982 2362 1046 Germaniaque
2417 979 2567 1033 dicit.

1501 1060 1777 1123 Dempster.
2544 1079 2547 1088 ·

1564 1140 1657 1185 131
1693 1136 1979 1200 Britannia]
2033 1135 2234 1200 Utpote
2277 1133 2449 1185 vicina
2486 1134 2564 1185 illi

1497 1211 2088 1264 Galliaeloco.Bart11.

1490 1313 1496 1318 ·
1564 1294 1660 1339 132
1727 1291 2047 1354 Βευοίιιεαφιε
2089 1288 2288 1354 Thetys]
2351 1243 2564 1339 Sursum

1495 1379 1723 1428 versum,
1745 1375 1927 1417 contra
1950 1374 2134 1416 aestum
2157 1367 2450 1415 venientem
2481 1380 2564 1416 re-

1495 1448 1719 1505 troacta..
1801 1445 2124 1494 Pulcerrime
2163 1445 2400 1493 Lucanus
2436 1443 2560 1494 hinc

1493 1519 1826 1569 illustrandus
1847 1521 1940 1571 lib.
1965 1534 2006 1571 ι.
2038 1521 2054 1548 ‘
2078 1522 2295 1585 Quaque
2311 1520 2456 1583 jacet
2476 1519 2567 1569 lit-

1494 1602 1579 1645 tus
1616 1596 1828 1646 dubium
1876 1597 2015 1662 quod
2067 1603 2211 1648 terra
2264 1595 2562 1661 fretumque

1492 1671 1754 1722 Vendicat
1778 1673 1991 1723 alternis
2012 1672 2238 1734 vicibus,
2255 1686 2374 1722 cum
2390 1670 2562 1721 fundi'-

1494 1757 1582 1798 tur
1605 1751 1786 1814 iugens
1816 1751 2078 1813 Oceanus,
2113 1752 2196 1800 vel
2228 1766 2344 1801 cum
2370 1748 2560 1801 >refluis

1491 1838 1550 1875 se
1569 1822 1812 1876 fluctibus
1835 1825 2042 1889 aufert,'
2067 1830 2166 1877 ὅτε.
2231 1827 2408 1877 Barth.

1558 1906 1652 1951 133
1704 1901 1901 1953 Rhenus
1947 1903 2158 1968 projecta
2198 1903 2380 1967 torpuit
2414 1902 2560 1966 uma]

1490 1976 1567 2028 At
1604 1992 1723 2027 cum
1762 1974 1970 2029 Rhenus
2008 1994 2166 2045 aquas
2205 1993 2322 2030 suas
2366 1979 2407 2027 si
2445 1981 2560 2043 quis

1490 2056 1621 2105 alius
1637 2053 1908 2105 fluviorum
1925 2056 2162 2106 deorsum
2182 2063 2318 2120 agat,
2336 2055 2559 2106 miracu-

1491 2131 1593 2180 lum
1619 2129 1748 2183 facit
1771 2131 2085 2194 Claudianus
2100 2132 2219 2195 ipsa
2243 2132 2333 2181 illa
2357 2129 2558 2196 proflua

1490 2223 1628 2273 aqua
1666 2209 2013 2273 obtorpuisse,
2058 2222 2159 2258 nou
2202 2222 2352 2259 secus
2397 2215 2557 2273 atque

1488 2299 1633 2340 mare
1654 2285 1802 2335 aestui
1831 2286 1941 2349 jam
1977 2286 2280 2350 imminens,
2296 2291 2354 2335 et
2373 2285 2557 2335 littora

1486 2359 1871 2413 inundaturum.
1935 2363 2114 2411 Barth.

1558 2439 1778 2501 Prqiecta
1811 2440 1992 2503 torpuit
2023 2437 2166 2501 urna]
2213 2439 2300 2488 Sic
2336 2436 2556 2503 Gyrald.

1485 2516 1783 2567 Luceus.et
1802 2531 1894 2566 sex
1907 2515 2014 2566 alii.
2050 2515 2219 2578 Vulgo
2235 2507 2389 2564 auda.-
2421 2514 2554 2563 ‹lixi-

1486 2607 1601 2643 mus
1633 2594 1786 2643 Cous.
1810 2592 1999 2658 Olybr.
2030 2606 2107 2641 vs,
2128 2594 2242 2641 213.
2279 2601 2554 2655 perperam

1487 2672 1749 2735 vulgatam
1769 2670 2081 2782 scripturam
2094 2668 2272 2718 tuetur
2291 2666 2553 2718 Bartbius.

1486 2748 1557 2798 Β.
1582 2748 1754 2797 Heius.
1791 2785 1797 2788 .

1481 2861 1488 2866 .
1553 2827 1648 2873 135
1681 2822 1902 2887 Severus]
1932 2778 2150 2876 Seuiles.
2215 2823 2379 2873 Senes
2412 2820 2550 2871 euim

1485 2898 1610 2949 κατὰ
1637 2899 1814 2949 παντὸς
1851 2899 2038 2964 severi,
2067 2897 2405 2964 superciliosi,
2423 2911 2553 2962 que-

1488 2975 1631 3039 ruli,·
1643 2976 1820 3026 rixosi.
1883 2974 2170 3026 Horatius:
2215 2976 2232 3004 ‘
2260 2974 2434 3023 Multa
2472 2987 2581 3038 se·-

1485 3067 1603 3104 uem
1643 3053 2056 3112 circumveniunt
2088 3051 2432 3114 incommoda,
2464 3050 2552 3101 vel

1488 3132 1628 3197 quod
1648 3132 1884 3196 Quaerit‚'
1907 3136 2005 3182 διο.
2045 3132 2223 3181 Barth.
2524 3145 2549 3174 ³*

1554 3212 1650 3259 136
1687 3209 1824 3260 Ficto
1845 3209 2072 3272 languido
2089 3206 2252 3272 passu]
2283 3204 2550 3259 Qualisoe·

1486 3291 1598 3336 tate
1619 3283 1924 3336 affectorum
1949 3285 2153 3349 gradus.
2221 3286 2442 3346 serpere
2469 3295 2550 3331 se-

1484 3376 1598 3426 nes,
1618 3377 1721 3413 uon
1755 3361 2000 3412 incedere
2020 3361 2097 3410 ait
2120 3358 2391 3422 Euripides
2411 3358 2547 3408 Bac-

1383 3461 1390 3470 ,
1484 3440 1611 3490 cbis.
1661 3439 1838 3487 Barth.

1550 3519 1646 3564 137
1680 3514 1896 3579 Invadit]
1927 3512 2120 3563 Vadit
2106 3527 2161 3561 m
2185 3525 2375 3562 muros.
2431 3509 2549 3560 Vir·

1483 3589 1669 3653 gilius.
1705 3592 1720 3619 ‘
1745 3589 2010 3639 Invadunt
2046 3586 2226 3638 urbem
2263 3600 2440 3637 somno
2473 3586 2548 3637 vi·

1385 3703 1388 3710 ,
1482 3664 1964 3731 noque-sepultam!
2029 3664 2206 3714 Barth.

1550 3742 1734 3805 Elusa]
1779 3743 1975 3793 Civitas
2017 3741 2205 3792 Galliae
2265 3741 2545 3805 provincio

1482 3818 2004 3883 Novempopuloniae,
2045 3818 2302 3883 quondam
2326 3818 2552 3869 nobilis-

1481 3896 1629 3960 sima,
1667 3896 1780 3947 haec
1814 3896 2078 3946 scribente
2118 3893 2422 3958 Claudiano,
2453 3909 2546 3958 pa-

1483 3973 1586 4024 tria
1612 3971 1789 4026 Rufini
1808 3972 1975 4037 hujus,
1999 3969 2153 4021 hodie
2175 3973 2223 4020 la
2241 3971 2350 4020 ville
2367 3970 2415 4019 α’
2422 3972 2545 4021 Eue

1479 4065 1539 4101 en
1560 4050 1825 4112 Gascogne.
1889 4049 2075 4098 Barth.
2145 4099 2151 4105 ,

1546 4127 1729 4189 Eltoeae]
1762 4126 1954 4188 Coesar,
1975 4125 2066 4176 lib.
2086 4138 2172 4175 111.
2194 4123 2434 4186 Tarbelli,
2453 4122 2545 4175 Bi-

1480 4203 1638 4268 gerri,
1670 4201 1933 4264 Preciaui,
1966 4201 2210 4264 Vocates,
2239 4200 2546 4260 Tarusates,

1479 4282 1741 4345 Elusates,
1776 4293 1904 4346 quos
1937 4292 2110 4345 neque
2131 4277 2335 4350 Plinius
2370 4290 2541 4345 neque
