3034 4934
520 381 697 451 1316

518 541 783 607 boguta,
827 540 1013 592 Comes
1033 541 1406 604 Valentiniani,
1449 556 1588 592 com·

521 626 693 672 motus
715 620 769 668 in
804 618 1106 682 Principem
1140 631 1286 670 suum
1328 619 1397 668 ob
1428 617 1586 668 frivo-

517 697 598 746 las
615 696 839 758 primum
878 708 1106 754 caussas,
1140 695 1330 744 deinde
1368 694 1504 759 quod
1527 695 1587 744 li·

518 772 713 824 bellum
751 771 1185 822 exauctorationis
1221 772 1270 819 ei
1292 786 1387 835 pro
1425 771 1587 821 tribu·

520 850 627 899 nali
644 850 829 900 sedens
853 849 1088 909 dederat,
1124 856 1188 904 ut,
1205 850 1378 899 multis
1401 849 1585 899 denar·

520 935 607 978 rat
640 928 897 985 Zosimus.
968 929 1055 977 De
1093 925 1322 990 feritate,
1362 927 1587 977 scientia

519 1003 755 1055 militaris
788 1003 883 1067 rei,
938 1004 1271 1068 auctoritate,
1304 1004 1453 1054 obitu
1491 1004 1587 1052 Ar·

522 1079 777 1145 bugastis,
799 1081 1012 1132 Orosius
1030 1082 1064 1132 l.
1091 1094 1190 1131 vu.
1214 1085 1297 1131 ⁸5.
1347 1081 1586 1132 Sozome·

517 1171 632 1220 nus,
654 1172 751 1208 vu.
775 1161 857 1208 26.
893 1159 1069 1210 Barth.

519 1277 527 1282 .
574 1239 681 1285 ,104
720 1236 932 1285 Ultrices
974 1235 1096 1299 ivm]
1147 1235 1415 1286 Scelerum
1471 1250 1586 1286 suo·

520 1327 635 1362 rum
671 1312 725 1362 in
754 1313 1093 1377 semetipsum
1130 1312 1343 1375 vindex,
1362 1314 1454 1362 illa
1490 1324 1585 1363 sua

519 1389 791 1440 iracundia
818 1390 1121 1458 Barbarica,
1141 1406 1255 1456 quae
1280 1407 1462 1442 caussa
1482 1391 1586 1442 fnit

523 1470 604 1515 tot
622 1465 889 1515 malornm.
924 1467 1073 1517 Idem.

586 1545 680 1591 1⁰5
719 1541 926 1591 Tandem
950 1544 1085 1605 justa
1113 1543 1302 1607 monus]
1356 1545 1486 1596 Cum
1528 1545 1581 1594 in

517 1624 781 1669 auctorem
806 1620 989 1685 rejecit
1013 1620 1290 1670 vindictam
1314 1621 1582 1672 interfecti

517 1695 799 1759 Principis,
835 1703 890 1745 et
924 1698 1056 1746 tanti
1099 1697 1311 1761 Imperii
1349 1698 1486 1747 bello
1507 1699 1582 1748 in-

514 1773 701 1822 voluti.
750 1772 930 1823 Innuit
951 1786 1055 1823 non
1078 1775 1285 1824 occulte
1306 1788 1460 1824 mauu
1483 1774 1582 1825 Ar·

515 1849 744 1914 bogastis
812 1849 1064 1900 cecidisse
1137 1850 1580 1901 Valentinianum.

517 1924 652 1975 Haec
686 1932 862 1975 autem
891 1940 1138 1977 consensu
1159 1933 1396 1976 veterum
1434 1927 1579 1990 Sapi-

517 2009 697 2053 entum
718 2018 916 2053 summa
952 2002 1288 2053 constituitur
1326 2003 1580 2067 Justitiae,

513 2078 660 2146 mala⁰
683 2080 898 2129 consilia
920 2086 975 2129 et
998 2078 1230 2132 facinora
1250 2081 1422 2145 capita
1457 2071 1578 2132 auc-

516 2161 687 2205 torum
713 2160 918 2219 petere.
952 2155 1103 2206 Idem.

581 2235 676 2281 loo
712 2232 941 2288 Quamvis
976 2231 1247 2296 emeritum]
1290 2233 1427 2283 Sane
1450 2233 1577 2283 divi·

510 2323 579 2358 no
601 2309 815 2367 consilio
835 2316 890 2358 et
903 2310 1183 2359 clementia
1198 2311 1438 2374 singulari
1462 2326 1577 2360 esse

510 2392 703 2448 actum,
726 2391 784 2435 ut
818 2385 1056 2435 omnibus
1086 2387 1350 2435 extraneis
1391 2388 1578 2436 tumul-

512 2462 647 2512 tibus
688 2463 888 2527 sopitis,
929 2461 1066 2512 omni
1113 2462 1253 2513 civili
1293 2461 1575 2527 debellato,

512 2538 580 2589 de
616 2540 905 2604 composito
945 2540 1090 2602 velut
1135 2538 1308 2589 obiret
1346 2540 1579 2591 Theodo-

510 2615 631 2679 sius,
653 2623 899 2681 pacatum
922 2615 1121 2666 Orbem
1143 2615 1263 2677 filiis
1288 2616 1575 2679 juvenibus

508 2692 822 2757 relinquens,
880 2707 1029 2742 nemo
1085 2691 1421 2742 dubitaverit.
1505 2695 1577 2744 Et

510 2783 616 2818 non
661 2785 788 2820 unus
826 2771 1069 2834 scriptor.
1148 2771 1423 2833 Principes
1461 2772 1576 2822 dari

511 2847 688 2910 terris,
732 2854 790 2898 et
833 2848 1023 2897 abinde
1068 2848 1121 2896 in
1165 2849 1353 2898 coelum
1379 2850 1577 2914 reduci,

511 2925 765 2977 Horatius
810 2927 874 2975 ad
920 2924 1240 2989 Augustum:
1288 2926 1477 2975 ‘Serus
1523 2928 1576 2977 iu

509 3001 695 3050 coelum
719 3002 920 3063 redeas,
952 3002 1144 3067 diuque
1165 3001 1342 3052 Laetus
1363 3003 1577 3053 intersis

512 3078 708 3142 populo
730 3077 974 3131 Quirini!

576 3154 796 3217 Natura]
831 3154 980 3205 Ordo
1009 3155 1096 3204 ille
1135 3155 1362 3205 omnium
1400 3170 1573 3206 rerum

511 3230 698 3282 seriem
743 3236 925 3279 tenens
969 3236 1024 3280 et
1068 3229 1330 3280 ordinans.
1416 3232 1574 3283 Hunc

504 3308 605 3360 hoc
630 3307 837 3358 nomine
857 3306 978 3357 Diis
998 3306 1103 3356 suis
1119 3306 1354 3357 omnibus
1368 3321 1574 3373 praepo-

504 3390 656 3448 nunt,
678 3383 1032 3448 arbitrumque
1054 3382 1378 3433 constituunt
1414 3386 1577 3450 scrip·

505 3466 662 3512 tores.
712 3461 910 3510 Lucan.
950 3460 1042 3510 lib.
1088 3474 1127 3509 1.
1163 3460 1230 3509 ad
1271 3461 1569 3513 Neronem:

503 3539 519 3564 ‘
538 3537 782 3601 Jurisqne
808 3537 884 3587 tui
909 3537 1117 3587 Natura
1139 3536 1419 3603 relinquet,
1436 3541 1570 3592 Quis

507 3616 655 3668 Deus
676 3629 792 3664 esse
815 3614 994 3665 voles.'

573 3696 668 3743 10⁷
694 3693 950 3742 Aaronem
980 3695 1213 3756 panderet
1250 3693 1403 3757 arces]
1459 3693 1567 3745 Ad·

500 3767 747 3818 scensuro
781 3768 1029 3819 videlicet
1051 3770 1362 3821 Theodosio.
1426 3772 1568 3821 Illud

505 3850 633 3900 nota
663 3855 767 3894 non
789 3845 1045 3909 ineptum,
1079 3848 1307 3897 creditas
1330 3848 1465 3900 bene
1488 3865 1567 3898 sa·

502 3921 815 3986 pienterque
836 3924 947 3970 vita
967 3921 1265 3973 functorum
1305 3924 1563 3975 hominum

503 3998 699 4050 animas
741 3997 792 4046 in
829 3989 1054 4062 ipsamet
1086 4000 1260 4049 sidera
1280 4001 1462 4065 recipi,
1486 4008 1565 4051 at-

506 4088 611 4141 que
631 4075 960 4126 commutari.
995 4076 1173 4128 Barth.

569 4156 666 4201 1⁰8
701 4153 1003 4216 Nutaretque
1040 4152 1193 4216 oneri]
1240 4154 1437 4203 Lucan.
1471 4153 1562 4204 md

411 4295 416 4300 ψ
503 4227 801 4280 Neronem:
832 4230 846 4258 ‘
866 4223 1090 4280 AEtae'ris
1111 4227 1343 4281 immensi
1358 4236 1564 4298 partem

889 396 1108 448 1101·AE
1153 394 1557 447 vAtuomJM
1604 395 1686 446 IN
1735 396 1851 445 OB.
1888 391 2167 446 ohAuD.
2215 390 2350 442 vu·

1664 539 1707 589 si
1729 540 1983 605 presseris
2004 554 2177 603 unam,
2205 535 2412 589 Sentiet
2429 531 2727 595 axisonua'

1727 698 1824 743 109
1858 693 2040 757 Cupido
2059 708 2109 743 se
2129 694 2322 761 reddere
2337 693 2470 758 eoelo]
2521 692 2726 743 Credon

1662 770 1827 819 Delrii
1848 770 2017 820 codex
2039 777 2096 820 et
2118 785 2147 819 e
2170 771 2357 820 nostris
2373 784 2575 830 novem.
2605 769 2725 817 Vir-

1662 851 1750 915 gil.
1775 850 1889 899 AEn.
1915 850 2006 900 lib.
2030 864 2110 900 vr.
2143 850 2158 877 ‘
2182 848 2515 913 Praepetibus
2540 847 2722 911 pennis

1660 941 1812 978 ausus
1835 940 1891 976 se
1914 926 2130 977 credere
2153 928 2284 977 coelo
2301 926 2333 976 ε’
2365 926 2514 990 plura
2524 926 2603 996 ‘de
2624 925 2725 975 hoc

1659 1002 1821 1052 verbo
1838 1002 1981 1052 alibi.
2045 1004 2323 1067 vulgatam
2348 1010 2522 1053 tamen
2556 1002 2723 1066 serip-

1662 1087 1828 1130 turam
1853 1087 2027 1130 tue-tur
2064 1081 2271 1131 erudite
2312 1080 2593 1130 Barthius:
2630 1075 2729 1130 sed·

1660 1157 1777 1220 quia
1796 1157 1976 1205 reverti
2007 1156 2122 1221 jam
2154 1163 2515 1220 praecesserat,
2535 1145 2723 1208 credas

1659 1232 1893 1281 hocloco
1934 1232 2242 1297 amplector,
2278 1246 2343 1281 ne
2367 1232 2446 1282 bis
2484 1231 2626 1281 idem
2647 1232 2723 1290 di,-

1658 1318 1819 1362 catur.
1852 1312 1922 1361 D.
1946 1311 2119 1360 Heius.
2722 1367 2725 1370 Ι

1722 1390 1783 1440 Si
1802 1393 1994 1440 reddere
2015 1387 2151 1453 coelo]
2193 1392 2362 1455 Reges
2385 1393 2522 1443 enim
2562 1387 2731 1457 atque*

1658 1468 1936 1534 Principes
1973 1470 2178 1519 coelitus
2200 1459 2256 1519 et
2271 1469 2339 1518 ab
2362 1469 2480 1520 Diis
2512 1470 2725 1525 immor-

1660 1545 1848 1595 talibus
1890 1545 2134 1609 regundis
2159 1545 2439 1609 provinciis
2461 1547 2722 1611 rebusque

1656 1622 1890 1672 humanis
1931 1622 2110 1674 donari
2133 1622 2444 1689 demittique
2467 1625 2726 1688 putaban-

1659 1706 1765 1759 tur,
1790 1699 1865 1748 uti
1903 1705 1959 1748 et
1980 1700 2183 1761 eodem,
2218 1699 2283 1748 ab
2319 1700 2484 1758 obitu,
2520 1700 2724 1751 reduci.

1657 1775 1920 1838 Manilius,
1947 1776 2041 1828 lib.
2080 1776 2249 1825 1v.de
2283 1777 2419 1825 Divo
2456 1777 2722 1841 Julio,re·

1656 1865 1782 1904 cens
1810 1860 1918 1903 tum
1952 1852 2153 1903 amisso.
2221 1853 2236 1880 ‘
2256 1853 2356 1903 Ille
2392 1852 2553 1903 etiam
2587 1855 2722 1905 coelo

1657 1930 1880 1993 genitus,
1903 1930 2140 1994 coeloque
2166 1928 2442 1993 receptus!
2754 1979 2759 1982 ,

1724 2006 1908 2069 Cupido
1929 2004 2064 2069 coelo]
2115 2005 2234 2055 Diis
2256 2004 2538 2070 Astrisque
2560 2006 2725 2056 ambi·

1655 2081 1860 2130 entibus
1884 2088 2084 2131 tantum
2117 2080 2368 2131 accedere
2392 2082 2603 2131 Numen
2626 2097 2720 2135 suo

1655 2158 1812 2207 choro
1835 2165 1892 2209 et
1927 2158 2166 2222 collegio.
2231 2158 2383 2218 Maro
2405 2156 2473 2206 ad
2513 2156 2720 2222 Augus»

1655 2242 1800 2286 tum:
1836 2236 2038 2300 ‘ipsum
2077 2234 2170 2285 tibi
2201 2234 2315 2298 jam
2350 2234 2564 2284 brachia
2598 2250 2718 2285 con·

1654 2314 1812 2363 trahit
1844 2312 2030 2362 ardens
2061 2312 2326 2376 Scorpius,
2348 2318 2405 2360 et
2426 2312 2547 2361 coeli
2573 2312 2720 2376 justa

1654 2391 1769 2454 plus
1791 2396 1942 2454 parte
1965 2386 2244 2453 relinquit.
2276 2387 2456 2439 Barth.

1720 2471 1815 2516 110
1850 2464 2112 2527 Praeseuti]
2151 2464 2362 2514 Accivit
2384 2465 2518 2520 enim
2544 2464 2593 2513 in
2615 2466 2716 2515 hoc

1654 2542 2110 2606 Constantinopoli
2150 2540 2436 2591 Honorium
2484 2539 2719 2591 Theodo-

1649 2620 1773 2681 sius,
1815 2634 1918 2684 quo
1958 2623 2236 2683 praesente,
2277 2617 2415 2667 visus
2450 2617 2716 2668 convales-

1650 2691 1791 2758 cere,
1815 2696 1946 2746 obiit
1968 2696 2160 2745 volens.
2223 2694 2424 2743 Sozom.
2449 2707 2549 2743 vn.
2570 2696 2653 2744 28.
2690 2741 2701 2754 ‚

1719 2773 1948 2822 Traderet
1966 2770 2143 2834 orbem]
2195 2770 2405 2822 Solenni
2423 2783 2568 2819 more
2590 2777 2714 2820 ante

1650 2863 1914 2898 excessum
1952 2847 2070 2896 filiis
2111 2846 2392 2912 Imperium
2433 2846 2713 2896 tradidisse

1650 2931 1856 2975 constat
1874 2924 2233 2974 Theodosium.
2268 2924 2447 2973 Barth.

1718 3002 1966 3064 Traderet]
2016 3001 2250 3050 Traditio
2285 3005 2385 3061 est,
2426 2997 2519 3048 ἀπὸ
2554 2997 2717 3064 χειρὸς

1649 3074 1713 3126 εἰς
1732 3078 1889 3141 χεῖρα,
1930 3077 2030 3138 vel,
2055 3083 2116 3126 ut
2156 3076 2400 3140 Cujacius
2422 3076 2557 3138 vult,
2586 3077 2713 3125 Tra-

1648 3154 1777 3204 ditio
1833 3162 1912 3206 est
1948 3155 2090 3204 datio
2130 3155 2479 3219 possessionis.
2564 3155 2712 3218 Ergo

1649 3231 1927 3292 Honorius,
1959 3232 2088 3282 licet
2126 3232 2325 3295 pridem
2364 3230 2593 3295 Augusti
2627 3246 2717 3281 no·

1645 3322 1762 3356 men
1781 3306 2022 3377 adeptus,
2041 3323 2147 3357 rem
2168 3309 2333 3371 ipsam
2354 3322 2457 3356 non
2487 3307 2674 3357 habuit
2692 3324 2712 3371 ς

1646 3384 1748 3433 fuit
1792 3386 1844 3434 in
1867 3386 2187 3449 possessione
2222 3383 2317 3446 rei,
2342 3384 2431 3432 sed
2468 3398 2570 3431 non
2596 3398 2711 3448 pos·

1646 3460 1817 3522 sedit3
1843 3476 1945 3511 non
1969 3462 2196 3524 omnino,
2215 3476 2282 3510 ne
2308 3460 2478 3508 dicam
2502 3460 2710 3522 omuino

1643 3552 1765 3598 non,
1796 3536 1895 3587 fuit
1919 3538 2224 3601 imperator,
2241 3536 2341 3587 nisi
2360 3535 2468 3584 sola
2492 3535 2709 3585 nominis

1645 3614 1841 3663 umbra.
1877 3615 2065 3663 Claver.
2678 3663 2689 3676 ,

1711 3695 1800 3740 111
1837 3689 2078 3740 Bistoniis
2097 3690 2157 3738 ab
2189 3687 2311 3752 oris]
2344 3689 2705 3751 Constantino·

1641 3766 1750 3829 poli
1773 3768 2022 3827 evocatis,
2042 3766 2108 3815 ad
2142 3765 2424 3829 Imperium
2447 3765 2703 3815 Occiden-

1644 3844 1710 3892 tis
1734 3843 2133 3909 suscipiendum.

1704 3922 1879 3972 Alacer
1899 3918 2167 3981 consurgis]
2183 3917 2357 3967 Instar
2380 3917 2581 3968 sideris.
2594 3917 2699 3970 Ali·

1640 3996 1726 4047 bi.
1761 3998 1776 4024 ‘
1796 3996 1995 4045 Sideris
2034 3999 2197 4044 instar
2220 3993 2445 4045 E'micuit
2464 3994 2698 4045 Stilicho-

1637 4072 1717 4122 nis
1744 4071 1918 4136 apex!
1953 4071 2131 4122 Barth.

1705 4155 1800 4200 112
1833 4151 1995 4211 Ausus
2029 4149 2257 4213 transire]
2308 4149 2570 4201 Barbaros
2593 4148 2692 4200 Ra·

1635 4230 1800 4279 manis
1835 4244 1937 4282 non
1969 4230 2094 4281 satis
2131 4227 2260 4279 fidos
2297 4228 2446 4295 dicit,
2484 4237 2693 4298 quorum
