3034 4934
515 383 692 484 12⁸2

518 551 855 611 componatur
922 545 1222 610 parricidio,
1282 545 1586 608 ,iuramento

519 622 761 686 quopiam
775 622 1010 686 jactato?
1047 622 1255 671 Frustra
1278 628 1450 670 tutem
1472 621 1584 669 hirc

521 697 793 748 Claudiani
832 698 896 746 ad
941 697 1260 746 Historicam
1304 698 1587 746 veritatem·

520 775 697 840 exigas
718 791 733 834 ;
767 773 883 825 cuin
907 776 1041 823 enim
1064 773 1186 823 ficte
1208 776 1455 839 pleraque
1477 775 1588 824 Ru:

519 851 611 906 fini
634 851 864 903 facinora
898 863 1204 917 exaggeret,
1237 862 1294 905 et
1321 855 1498 903 hostes
1519 853 1586 902 ab

520 931 702 980 eodem
758 931 989 981 Romano
1047 930 1274 996 Imperio
1325 930 1587 991 inductos,

521 1015 675 1073 quam
699 1009 921 1058 maxime
953 1016 1154 1059 atroces
1179 1015 1368 1072 potest,
1390 1009 1587 1058 descri-

520 1085 616 1136 bit.
648 1086 835 1136 Potest
859 1095 912 1136 et
933 1086 995 1134 τὸ
1009 1102 1169 1136 secure
1192 1088 1425 1147 retineri,
1446 1085 1586 1151 qnod

522 1161 743 1212 Poetice
762 1163 900 1212 valet
916 1164 1140 1212 occidere.
1211 1164 1389 1212 Barth.

587 1243 684 1289 828
723 1239 909 1303 βιαίας]
954 1240 1130 1290 Ludus
1185 1247 1317 1299 erat,
1366 1237 1589 1289 formula

520 1315 766 1381 loquendi
786 1324 912 1367 nota
935 1317 1157 1379 Maroni,
1181 1319 1293 1368 AEn.
1318 1330 1393 1367 tx.
1425 1319 1440 1344 4
1466 1315 1588 1367 flec-

523 1399 637 1442 tere
690 1393 841 1443 ludus
881 1394 1075 1459 equos!
1132 1394 1308 1444 Sidou.
1359 1393 1587 1458 Apollin.

524 1468 692 1519 Carni.
715 1483 770 1520 V.
802 1470 818 1497 ‘
838 1470 1162 1535 clypeosque
1183 1477 1356 1520 rotare
1381 1470 1591 1519 Ludus!

524 1546 698 1597 Carm.
718 1561 817 1597 vu.
848 1548 864 1577 ‘
883 1549 1121 1598 albentes
1155 1549 1306 1598 niveo
1340 1547 1434 1598 snb
1471 1562 1590 1612 pec·

523 1629 638 1670 tore
669 1624 817 1673 lunas
841 1625 1107 1688 Frangere
1147 1625 1296 1675 ludus
1313 1631 1426 1674 erat
1446 1624 1480 1674 :’
1534 1630 1590 1674 et

523 1705 698 1749 nostro
717 1701 782 1749 de
805 1714 891 1750 111.
917 1702 1073 1751 Cous.
1095 1702 1233 1752 Hon.
1267 1703 1283 1730 ‘
1303 1715 1590 1766 regumque

523 1772 727 1824 feroces
746 1777 964 1826 Exuvias
988 1777 1083 1826 tibi
1104 1778 1256 1828 ludus
1282 1779 1466 1830 erant.'
1506 1778 1590 1828 De

524 1850 714 1903 laudib.
748 1853 990 1904 Serenae:
1024 1855 1041 1882 4
1061 1856 1312 1905 Veterum
1347 1854 1442 1905 tibi
1475 1869 1590 1905 car-

523 1929 663 1978 mina
676 1936 854 1979 vatum
876 1932 1051 1981 Ludus
1074 1936 1252 1984 erant.'
1285 1933 1508 1998 Dempst.

586 2008 766 2057 Jurare
792 2008 1034 2072 parentes]
1087 2009 1309 2059 Solenne
1333 2010 1593 2074 jusjuran-

524 2083 648 2133 dum
684 2085 1077 2148 concipiebatur
1099 2100 1195 2150 per
1222 2085 1591 2137 defunctorum

525 2161 755 2211 umbras:
794 2162 988 2211 Lucan.
1013 2163 1080 2213 de
1102 2163 1374 2228 Pompeio,
1398 2164 1488 2214 lib.
1512 2177 1592 2215 lx.

522 2237 539 2264 4
559 2251 656 2300 per
678 2251 831 2302 quem
850 2251 1109 2303 nunqnam
1134 2240 1316 2303 Jurare
1335 2239 1590 2303 pudebit!

527 2313 685 2365 ovid.
707 2316 847 2365 Fast.
870 2329 931 2366 11.
963 2317 979 2344 4
998 2317 1210 2382 Perque
1252 2323 1365 2367 tuos
1393 2333 1591 2380 manes,

526 2390 613 2454 qui
638 2390 760 2439 mibi
796 2404 983 2440 numen
1007 2393 1189 2443 erant!
1225 2394 1357 2443 Stat.
1382 2408 1437 2443 v·
1454 2395 1592 2444 The

524 2466 662 2517 baid.
696 2468 711 2495 ‘
730 2466 763 2517 J
768 2481 848 2516 am
866 2482 1058 2531 ponere
1074 2469 1309 2519 manibus
1325 2483 1439 2518 arus
1460 2470 1594 2520 Con·

525 2559 747 2607 cessum,
770 2554 827 2595 et
848 2546 1063 2596 multum
1083 2547 1287 2597 cineres
1312 2546 1492 2611 jurare
1515 2562 1592 2597 se·

527 2624 699 2687 pultos
719 2622 753 2670 :’
788 2623 876 2687 qui
901 2623 1029 2672 ritus
1051 2622 1303 2687 profluxit
1332 2639 1362 2674 a
1382 2625 1594 2688 Sparta·

525 2702 606 2751 nis
640 2716 708 2751 ex
751 2700 1121 2753 Demosthene.
1155 2703 1379 2755 Quintil.
1405 2717 1490 2754 ιι.
1513 2708 1594 2755 11.

527 2783 584 2828 et
606 2778 900 2841 exemplum
916 2779 1235 2830 notissimum
1257 2786 1431 2829 exstat
1452 2780 1591 2845 apud

525 2851 719 2904 Athen.
750 2867 851 2904 ιιι.
871 2859 950 2905 10.
997 2855 1147 2906 Idem.

591 2933 690 2982 829
739 2931 841 2982 Nec
855 2933 967 2996 plus
984 2932 1265 2997 nubigenas]
1310 2934 1432 2984 Non
1471 2933 1593 2998 ipsi,

528 3006 620 3069 ait,
662 3007 911 3056 Centauri
959 3009 1153 3058 arctius
1195 3014 1383 3060 natura
1415 3010 1594 3074 juncti

526 3082 675 3147 equis
696 3089 844 3132 erant
862 3099 1015 3147 quam
1035 3085 1338 3137 Hunnorum
1364 3101 1491 3151 gens
1514 3102 1594 3137 as·

528 3156 803 3207 suetudine
827 3160 1106 3223 equitandi.
1152 3162 1419 3213 Curabant
1444 3164 1594 3213 Hun-

526 3233 581 3283 ni
603 3234 773 3284 omnis
794 3236 1003 3298 negotia
1024 3237 1172 3301 equis
1199 3239 1498 3299 insidentes,
1536 3248 1594 3291 et

529 3309 614 3360 vix
635 3317 776 3360 stare
798 3309 1013 3362 tirmiter
1034 3314 1144 3363 solo
1166 3322 1424 3378 poterant.
1466 3317 1593 3367 Am-

527 3388 744 3452 mianus,
760 3389 851 3440 lib.
876 3402 1041 3440 xxxi.
1077 3391 1253 3444 Barth.

597 3467 789 3515 Natura
810 3467 1105 3531 bimembres]
1140 3469 1225 3519 Sic
1254 3484 1319 3518 ex
1344 3485 1437 3521 suo
1457 3471 1592 3521 libro

530 3542 814 3592 Cluverius·
878 3544 1069 3608 Vulgo,
1108 3544 1358 3607 biformes:
1408 3564 1591 3613 parum

528 3616 707 3666 refert.
747 3632 822 3668 ιν.
846 3620 999 3670 Cous.
1023 3621 1158 3673 Hon.
1194 3623 1211 3651 4
1233 3637 1334 3672 non
1368 3625 1468 3687 ipsi
1501 3639 1593 3689 po-

528 3695 708 3742 terunt
730 3707 939 3757 aequare
956 3696 1281 3750 bimembres.
1282 3699 1298 3722 '
1329 3700 1398 3750 D.
1419 3701 1592 3751 Heius.

593 3771 684 3817 881
725 3769 996 3835 Mobilitas]
1030 3775 1301 3828 celeritas.

595 3843 917 3920 Insuper-atique
930 3852 1167 3915 recursus]
1190 3853 1443 3917 Zosimus,
1456 3855 1594 3905 libro

530 3919 819 3969 1V.Burtk.

594 3999 690 4045 882
740 3996 1020 4060 spumantis
1053 4003 1117 4051 ad
1156 4003 1334 4069 Hebri]
1392 4007 1595 4058 Alludit

529 4070 858 4123 doctissimus
886 4074 1053 4125 Poeta
1085 4079 1319 4130 turbines
1357 4089 1412 4131 et
1451 4084 1593 4132 volu-

530 4145 697 4195 tiones
730 4150 936 4198 crebras
971 4151 1124 4214 hujus
1157 4151 1321 4217 fluvii,
1357 4157 1423 4206 ob
1446 4173 1593 4222 quas,

529 4229 687 4273 antea
709 4241 858 4288 quam
886 4228 1095 4279 Hebrus
1116 4231 1395 4283 Cassandri
1434 4237 1594 4299 Regis

529 4296 667 4349 filius
705 4308 909 4365 patrem
945 4303 1074 4355 falsa
1104 4321 1344 4360 novercae
1382 4326 1594 4362 accusa-

531 4375 686 4428 tione
692 4378 892 4431 caedem
912 4380 1257 4435 intentantem
1278 4383 1504 4453 fugiens,
1541 4389 1594 4438 in

891 401 1110 452 No'rAE
1158 395 1563 449 VAmontJn
1609 397 1691 446 nt
1740 394 1858 447 ot..
1905 395 2184 446 omum.
2234 399 2349 450 111.

1659 540 2231 605 capestres-Rhombus
2245 541 2554 593 vocabatur.
2580 542 2728 593 Iden.

1660 627 1671 636 ‘
1725 624 1824 671 838
1857 620 1987 670 Ante
2016 622 2156 671 turbas
2177 622 2456 688 ferrumque
2491 623 2729 687 procae-e]

1662 696 1901 747 Quatuor
1938 698 2221 754 veterrimi,
2290 700 2493 763 lsingr„
2517 698 2734 763 Gyrnm.

1662 774 1881 824 Lucens.
1923 776 2072 837 prim.
2111 776 2353 824 Vatican.
2387 791 2505 825 cum
2543 776 2734 826 Puteu-

1662 864 1779 909 neo,
1799 851 2038 914 aciemque
2058 856 2292 913 precatus.
2328 854 2616 916 Vulgatam
2631 852 2733 902 lec·

1663 928 1857 976 tionem
1872 928 2071 977 Statius
2089 935 2266 980 tuetur
2280 929 2443 978 Theb.
2461 942 2554 978 vr:
2588 930 2604 957 ‘
2625 929 2738 978 Pri-

1662 1004 1835 1053 mitias
1872 1010 2080 1068 egomet
2110 1005 2457 1068 lacrymarum
2491 1011 2550 1054 et
2574 1006 2734 1055 credis

1663 1079 1870 1129 acerbae
1907 1079 2050 1128 Ante
2082 1080 2234 1129 tubas
2272 1079 2572 1146 ferrumque
2607 1080 2737 1131 tuli?

1663 1157 1733 1205 D.
1760 1157 1936 1207 Heius.

1727 1233 1861 1283 Ante
1878 1233 2044 1298 tabas]
2062 1233 2353 1299 Antequam
2371 1234 2513 1284 tubae
2530 1235 2738 1285 occine-

1664 1319 1805 1372 rent,
1822 1309 2122 1376 ferrumque
2145 1312 2505 1375 expediretur.
2538 1313 2735 1364 Delu-io.

1669 1413 1673 1418 ·
1728 1392 1826 1438 884
1881 1389 2114 1451 Nubifero
2153 1404 2237 1439 seu
2283 1395 2338 1439 tu
2373 1381 2646 1452 procumbis
2682 1390 2737 1438 in

1667 1465 1864 1529 Haemo]
1899 1466 2131 1531 Propter
2147 1467 2495 1528 altitudinem,
2509 1482 2612 1532 qua
2627 1467 2742 1532 qui·

1666 1544 1784 1594 dem
1806 1557 1982 1594 omnes
2006 1544 2119 1608 ejus
2150 1544 2378 1608 regionis
2408 1551 2615 1593 montes
2649 1558 2740 1593 ex·

1665 1620 1816 1670 cellit
1835 1620 2070 1683 Haemus,
2106 1620 2339 1684 proximo
2364 1619 2640 1683 Rhodope,
2674 1626 2740 1668 ut

1665 1704 1855 1747 auctor
1874 1704 1960 1747 est
1980 1697 2189 1759 Strabo,
2224 1697 2318 1746 lib.
2341 1708 2444 1746 vu.
2513 1697 2741 1748 Procum-

1665 1773 1773 1825 bere
1813 1782 1987 1826 autem
2023 1775 2095 1825 ibi
2136 1774 2366 1825 Martem
2407 1782 2464 1824 et
2497 1774 2737 1823 habitare

1664 1851 1796 1902 facit
1814 1860 2030 1916 propter
2045 1860 2301 1917 perpetua
2314 1852 2451 1901 bella
2466 1850 2656 1915 quibus
2666 1851 2740 1899 in-

1668 1934 1750 1979 ter
1766 1943 1823 1978 se
1842 1934 2026 1993 gentes
2046 1930 2149 1978 iuae
2173 1928 2610 1992 digladiabantur.
2648 1926 2736 1976 In·

1666 2005 1734 2056 de
1766 2007 2058 2057 Lucanus‘
2075 2007 2261 2056 aeterni
2295 2007 2487 2056 Martis
2520 2005 2735 2096 Alanos’

1667 2082 1818 2133 dixit.
1851 2083 2030 2133 Barth.

1674 2185 1679 2192 ·
1732 2163 1828 2209 886
1859 2160 1994 2209 Gonu
2004 2162 2115 2222 gelu
2136 2161 2382 2224 Rhodope]
2405 2161 2561 2211 Mons
2578 2161 2737 2211 'l'btn-

1666 2235 1785 2297 ciae,
1822 2236 2030 2287 nivibus
2062 2238 2152 2286 diu
2189 2238 2409 2288 servatis
2451 2237 2643 2289 nobilis
2679 2237 2735 2288 in

1667 2313 2020 2377 scriptoribus.

1713 2392 1913 2453 Remige
1930 2393 2074 2441 Medo
2089 2391 2387 2442 Solkcitutus
2402 2391 2583 2454 Athos]
2601 2392 2738 2445 Quo-

1668 2468 1824 2518 modo
1845 2473 2017 2518 autem
2042 2470 2245 2518 Xerxes
2264 2469 2432 2519 Persa
2450 2468 2642 2519 effosso
2664 2469 2737 2519 A·

1669 2544 1761 2593 tho
1785 2558 1853 2594 ex
1888 2546 2240 2596 coutinentem
2278 2547 2573 2597 tenentibus
2598 2546 2738 2597 urbi-

1668 2619 1766 2669 bus
1805 2620 1999 2670 insulas
2035 2619 2245 2683 fecerit,
2280 2622 2552 2686 ipsumque
2597 2636 2738 2671 mon-

1671 2703 1775 2747 tem
1802 2698 1998 2762 remige
2024 2698 2400 2760 sollicitaverit,
2437 2699 2556 2762 lege
2594 2697 2734 2762 apud

1672 2774 2021 2837 Herodotum,
2061 2776 2345 2824 Diodorum
2365 2767 2619 2838 Siculum,
2647 2775 2737 2826 lib.

1671 2866 1750 2904 xl.
1789 2853 1908 2904 Hoc
1929 2852 2132 2903 facinus
2154 2868 2269 2903 cum
2290 2854 2481 2903 Graeca
2500 2853 2735 2903 vanitate

1669 2930 1719 2978 iu
1736 2930 2037 2979 immensum
2054 2937 2354 2994 augeretur,
2367 2936 2614 2994 tanquam
2628 2943 2736 2979 rem

1668 3009 1942 3058 maximam
1970 3006 2236 3056 celebrare
2266 3013 2540 3070 coeperunt
2570 3012 2626 3055 et
2664 3006 2737 3055 in·

1671 3084 1975 3135 credibilem
1987 3084 2255 3148 Poetae,ut
2269 3089 2325 3132 et
2334 3084 2422 3132 alii
2433 3083 2737 3145 scriptores.

1670 3161 1915 3226 Virgilius
1972 3160 2182 3210 culice:
2254 3161 2271 3188 4
2297 3160 2418 3209 Νοιι
2472 3158 2735 3222 perfossus

1672 3239 1857 3303 Athos,
1878 3252 1975 3288 nec
1999 3251 2187 3301 magno
2208 3236 2422 3286 vincula
2442 3240 2608 3299 ponto
2624 3235 2742 3288 Jac-

1671 3323 1748 3379 ta,
1785 3330 1903 3365 meo
1926 3321 2161 3380 quaerent
2185 3315 2300 3379 jam
2337 3327 2455 3362 sera
2480 3313 2740 3363 volumine

1668 3390 1894 3442 famam!
1925 3391 2210 3455 Juvenum,
2245 3391 2357 3441 Sat.
2378 3403 2437 3441 x.
2471 3389 2740 3441 ‘creditur

1668 3470 1790 3519 olim
1828 3468 2134 3520 Velificatus
2173 3468 2353 3527 Athos,
2391 3473 2450 3518 et
2487 3467 2740 3534 quicquid

1670 3546 1880 3596 Graecia
1913 3545 2136 3595 mendax
2166 3544 2345 3595 Audet
2376 3546 2431 3594 in
2469 3544 2741 3597 Historia.

1670 3621 1849 3671 Barth.
2670 3635 2679 3646 ·

1736 3703 1833 3749 886
1871 3700 2046 3760 Nigris
2066 3699 2277 3764 ilicibus]
2311 3699 2532 3764 opacis.
2555 3701 2741 3767 virgil.

1672 3774 1737 3822 de
1770 3789 1910 3825 ramo
1940 3791 2129 3826 aureo.
2179 3778 2196 3805 4
2216 3777 2357 3827 'Palis
2384 3783 2500 3826 erat
2532 3779 2738 3842 species

1671 3853 1784 3900 auri
1823 3852 2108 3903 frondentis
2153 3869 2335 3918 opacae
2390 3854 2559 3905 Ilice.'
2621 3856 2740 3920 Vel,

1667 3928 1841 3992 nigris,
1861 3930 2000 3993 quia,
2034 3929 2393 3993 Theophrasto
2415 3937 2577 3993 teste,
2592 3931 2738 3983 ilices

1674 4006 1871 4067 nigram
1909 4006 2188 4055 medullam
2230 4008 2437 4072 habent,
2479 4007 2570 4060 lib.
2592 4022 2633 4060 1.
2671 4009 2738 4059 de

1671 4080 1789 4130 bist.
1814 4081 1977 4143 plant.
2000 4097 2116 4146 cap.
2134 4086 2185 4131 9.
2225 4084 2410 4134 Delrio.

1674 4171 1681 4178 ·
1736 4161 1833 4206 887
1886 4159 2128 4221 Paugaea]
2176 4160 2362 4210 Vibius
2416 4125 2736 4226 Sequester.

1671 4234 1972 4334 ‘Pangaeus
2009 4235 2250 4286 Thracias
2298 4245 2356 4288 et
2406 4238 2736 4289 Macedonia

1670 4312 1852 4362 mons!
2142 4341 2149 4348 ·

1678 4387 1998 4454 Accingere
2016 4390 2219 4456 mmm]
2247 4390 2455 4443 socium
2473 4391 2615 4443 enim
2633 4390 2737 4443 Sti·
