3034 4934
512 391 648 460 934

519 553 839 619 Dissiluit
867 550 1093 635 gelido
1126 554 1358 615 vertex
1389 547 1667 612 Ossaeus
1700 546 2023 632 Olympo.

520 654 915 721 Carceribus
941 655 1255 719 laxantur
1286 670 1505 736 aquae,
1537 649 1885 735 fractoque
1915 654 2141 713 meatu

521 758 915 825 Redduntur
939 755 1313 840 fluviusque
1340 754 1508 818 mari
1536 754 1859 836 tellusque
1888 753 2162 817 colonis.

519 858 900 946 Postquam
925 861 1108 925 victa
1131 877 1330 923 manu
1360 858 1567 922 duros
1597 857 1945 921 Trinacria
1973 876 2195 921 nexus

523 963 767 1042 Solvit,
795 971 862 1028 et
888 964 1218 1028 immenso
1243 960 1381 1024 late
1408 959 1725 1024 discessit
1750 956 1940 1023 hiatu
1964 979 1983 1039 3

521 1064 825 1151 Apparet
853 1065 1114 1130 subitus
1148 1064 1326 1128 coelo
1357 1064 1595 1129 timor:
1642 1068 1830 1128 astra
1857 1063 2118 1129 viarum

526 1166 880 1234 Mutavere
908 1167 1140 1232 fidem:
1185 1166 1390 1230 vetito
1420 1184 1495 1229 se
1518 1165 1772 1249 proluit
1798 1163 2044 1232 Arctos

1179 406 1295 456 Gla·
1340 398 1768 451 CLAUDIAM
1808 399 2065 451 XXXV.

2601 750 2726 815 185

521 1351 628 1385 men
653 1337 786 1384 Ossae
800 1350 1073 1399 percussum
1108 1335 1208 1383 icta
1238 1334 1422 1395 ingenti
1444 1336 1655 1383 avulsum
1677 1342 1760 1382 est
1778 1332 1844 1381 ab
1871 1334 2074 1396 Olympo
2098 1331 2319 1394 frigido:
2352 1347 2486 1394 aquae
2509 1332 2736 1380 emittun-

523 1407 604 1451 tur
623 1401 942 1464 receptaculis,
962 1404 1009 1448 et
1041 1399 1244 1448 obicibus
1275 1400 1448 1462 ruptis,
1480 1403 1527 1447 et
1549 1399 1738 1463 flumen
1759 1399 1901 1460 mari,
1921 1403 1969 1447 et
1990 1404 2122 1446 terra
2142 1397 2369 1459 agricolis
2397 1396 2732 1458 restituuntur,

523 1466 836 1528 Posteaquam
867 1461 1043 1514 Sicilia
1063 1464 1266 1513 abscissa
1286 1463 1334 1511 vi
1358 1463 1596 1513 Plutonis
1635 1466 1817 1513 laxavit
1851 1467 2039 1512 catenas
2072 1462 2277 1525 rigidas,
2311 1466 2358 1510 et
2379 1462 2473 1510 late
2492 1459 2736 1526 patefacta

523 1535 595 1580 est
613 1523 749 1580 hiatu
770 1530 976 1594 ingenti,
1013 1534 1163 1579 metus
1195 1529 1470 1596 rcpeptinas
1505 1529 1692 1578 invadit
1735 1530 1945 1577 Coelum:
1979 1528 2133 1577 sidera
2165 1528 2461 1591 reliquerunt
2483 1540 2646 1575 cursus
2666 1540 2736 1573 so·

1449 1663 1806 1684 NNNNNNNN

524 1755 627 1799 tam
664 1750 812 1798 Voss.
848 1754 1114 1800 sem—183
1150 1750 1372 1801 Dissiliit
1414 1750 1538 1798 Vat.
1583 1754 1753 1812 quart.
1803 1749 1989 1797 Petav.
2035 1762 2113 1810 pr.
2161 1749 2293 1799 Exc.
2342 1747 2526 1797 Petav.
2564 1752 2738 1809 quart.

522 1815 755 1864 Dissolvit
774 1815 876 1863 inc.
900 1815 1086 1864 Heius.
1108 1816 1311 1864 Bonon.
1367 1814 1433 1863 Se
1465 1813 1605 1862 solvit
1637 1814 1759 1863 Vat.
1785 1819 1905 1862 tert.
1930 1821 1986 1862 et
2008 1813 2059 1861 d.
2094 1813 2212 1861 Pal.
2236 1813 2339 1860 dno
2379 1812 2528 1860 Med.
2552 1811 2737 1861 Heins.

521 1880 593 1928 H.
611 1878 736 1929 Put.
764 1880 942 1929 Petav.
967 1887 1090 1928 tert.
1112 1882 1324 1929 Thalos.
1346 1880 1468 1929 Jun.
1505 1893 1584 1941 pr.
1635 1876 1699 1926 Se
1721 1879 1862 1927 solvit
1886 1878 1967 1926 vel
1990 1878 2216 1926 Dissiluit
2252 1878 2383 1940 Reg.
2416 1876 2520 1925 duo
2562 1875 2739 1926 Oxou.

512 1948 691 1993 ,vortex
712 1943 815 1993 duo
838 1944 983 1994 Med.
1003 1945 1209 1994 Tholos.
1250 1944 1458 1993 obsessus
1478 1958 1578 2006 pro
1605 1944 1795 1991 Ossoeus
1827 1943 1958 1992 Exc.
1985 1943 2171 1991 Petav.
2193 1944 2530 2005 quarte—184
2551 1939 2740 1998 fincto-

522 2024 612 2072 qae
644 2010 771 2057 Vat.
811 2015 933 2058 tert.
972 2010 1180 2059 Tholos.
1216 2009 1343 2059 Cod.
1367 2007 1663 2058 Bartholin.
1696 2009 1831 2057 Exc.
1865 2008 2052 2057 Petav.
2119 2014 2254 2056 uart.
2293 2005 2378 2055 ed.
2413 2006 2589 2054 Vicet.
2630 2005 2741 2065 sac·

510 2078 661 2137 toque
699 2082 805 2122 tres
836 2075 987 2124 Vatt.
1019 2082 1077 2122 et
1113 2075 1165 2123 d.
1204 2074 1322 2124 Pal·
1363 2075 1593 2123 Floreat.
1632 2072 1736 2121 duo
1773 2072 1920 2122 Med.
1951 2072 2056 2121 dno
2146 2072 2275 2120 eins.
2311 2071 2437 2119 Put.
2467 2070 2601 2133 Reg.
2638 2071 2740 2119 duo

525 2137 715 2188 PetaV.
754 2139 957 2188 Borion.
993 2138 1172 2189 Ambr.
1202 2144 1324 2188 tert.
1363 2139 1558 2187 Moret.
1597 2150 1677 2200 pr.
1726 2138 1955 2187 chartac.
1996 2137 2179 2186 Heius.
2222 2136 2323 2185 duo
2357 2135 2484 2187 Jun.
2521 2134 2740 2184 totidem

524 2202 672 2252 Voss.
691 2210 747 2252 et
765 2204 1104 2253 Oxum-185
1110 2204 1347 2267 fluviique
1365 2202 1486 2253 Vat.
1502 2217 1583 2265 pr.
1605 2209 1659 2251 et
1676 2207 1801 2253 tert.
1822 2204 2048 2252 Floreat.
2066 2203 2196 2251 Exe.
2212 2202 2398 2253 Petav.
2417 2207 2588 2263 quart.
2607 2199 2738 2250 eod.

522 2266 810 2316 Bai-thulin.
853 2269 1124 2332 fluviusque
1147 2269 1236 2318 alii
1257 2282 1442 2331 magno
1462 2280 1697 2328 numero,
1718 2265 1840 2317 Ald.
1874 2276 1931 2317 et
1954 2269 2077 2316 Ver.
2101 2268 2205 2316 LL.
2244 2281 2274 2315 e
2307 2280 2470 2328 marg.
2494 2266 2739 2315 Parm.--

506 2335 625 2381 -186
655 2332 816 2382 vincta
838 2333 1011 2383 Oxou.
1046 2347 1148 2382 sec.
1171 2333 1345 2393 juncta
1363 2333 1488 2381 mari
1510 2333 1665 2381 Voss.
1704 2347 1781 2396 pr.
1802 2332 1962 2381 vincta
1992 2333 2126 2381 vadis
2147 2332 2336 2380 Petav.
2359 2337 2485 2380 tert.
2506 2333 2636 2379 victa
2654 2344 2739 2391 pa-

524 2395 598 2443 las
618 2397 811 2447 Mox-et.
836 2412 915 2460 pr.
935 2399 1067 2447 divos
1084 2413 1176 2460 pro
1197 2400 1340 2447 duros
1357 2398 1482 2446 Vat.
1506 2411 1589 2460 pr.
1606 2397 1744 2445 tellus
1766 2411 1861 2460 pro
1875 2399 2026 2447 dms
2047 2397 2504 2446 Bartholin.—-18⁷
2539 2396 2741 2443 immerso

527 2460 698 2511 Oxon.
719 2477 797 2525 pr.
822 2478 888 2511 m.
926 2477 1006 2526 pr.
1027 2463 1228 2512 discedit
1267 2463 1439 2512 Oxon.
1478 2476 1588 2511 sec.
1626 2462 1843 2511 dissolvit
1880 2464 2012 2512 Exc.
2054 2464 2234 2512 PetaV.
2259 2464 2595 2525 quarn—188
2627 2459 2741 2507 soelo

523 2525 706 2575 subitus
727 2528 847 2576 Vnt.
871 2542 950 2590 pr.
973 2533 1031 2576 et
1052 2535 1220 2592 quart.
1239 2528 1390 2577 Voss.
1410 2542 1491 2589 pr.
1527 2528 1652 2576 Vat.
1695 2527 1861 2576 Livin.
1894 2529 1998 2577 coeli
2019 2528 2211 2575 Moret.
2236 2537 2314 2589 pr.
2335 2526 2436 2574 inc.
2459 2524 2645 2574 Heius.
2667 2538 2742 2574 sn·

525 2588 653 2640 bitus
680 2593 764 2641 vel
786 2593 941 2641 sabito
961 2592 1084 2644 Jun.
1127 2608 1202 2656 pr.
1225 2597 1381 2643 aanor
1402 2594 1532 2641 Exc.
1554 2592 1740 2641 Petav.
1766 2596 2101 2657 quart-189
2137 2593 2463 2641 Mousti-avere
2500 2589 2625 2639 Vat.
2657 2603 2739 2652 pr.

1525 2721 1578 2771 N
1584 2719 1742 2770 OTAE

594 2827 686 2873 183
732 2827 941 2890 Ossaeus]
998 2826 1083 2877 Ab
1121 2826 1257 2877 Ossa
1310 2826 1592 2876 Thessaliae

525 2908 723 2950 monte.

597 2976 766 3025 Gelido
792 2978 1017 3043 Olympo]
1038 2979 1296 3042 Olympus
1315 2977 1596 3026 multorum

527 3052 778 3101 montium
813 3069 1001 3102 nomen
1035 3061 1135 3115 est,
1157 3054 1209 3102 iu
1234 3054 1405 3116 Elide,
1426 3053 1590 3102 Arca-

526 3126 633 3190 dia,
676 3129 880 3192 Cilicia,
915 3128 1245 3191 Macedonis,
1285 3129 1585 3178 Thessalia:

527 3202 725 3265 gelidus
751 3211 924 3253 autem
947 3204 1140 3254 dicitur
1172 3204 1443 3268 Olympus,
1467 3206 1591 3269 quia

525 3279 621 3328 alti
664 3289 864 3330 montes
900 3281 1088 3346 saepius
1124 3283 1140 3309 ‘
1167 3282 1275 3330 alta
1308 3288 1451 3330 stant
1471 3283 1590 3332 nive

525 3354 767 3405 candidi!
1553 3407 1560 3413 .

593 3434 686 3479 184
740 3431 1043 3495 Car-ceribus]
1094 3432 1320 3496 Rupium
1363 3433 1591 3498 undique

525 3509 961 3572 praecludentinm
993 3511 1236 3559 claustris
1263 3510 1517 3575 abruptis,
1541 3511 1592 3559 iu

523 3585 708 3649 quibus
740 3602 889 3651 aquae
922 3588 1136 3637 velutin
1162 3601 1374 3637 carcere
1399 3586 1595 3636 detine-

526 3661 734 3713 bantur.

594 3743 688 3787 187
725 3741 954 3789 Immenso
975 3743 1188 3791 discessit
1214 3742 1376 3804 hiala]
1416 3742 1595 3805 Prope

527 3812 729 3863 Ennam
771 3817 964 3865 Siciliae
1019 3819 1304 3877 civitatem,
1349 3821 1595 3883 spelunca

528 3891 766 3953 qnaedam
791 3899 868 3938 est
893 3906 1139 3942 conversa
1171 3894 1236 3942 ad
1264 3896 1593 3960 Aquilonem,

500 4002 511 4014 .
528 3964 737 4015 infinita
755 3968 1049 4031 altitudine,
1062 3986 1165 4034 qua
1185 3972 1364 4020 Ditem
1387 3980 1593 4035 patrem

525 4040 701 4092 ferunt
725 4052 939 4106 repente
965 4061 1079 4094 cum
1102 4061 1261 4095 curru
1297 4049 1482 4112 exisse,
1504 4050 1592 4098 ab·

500 4125 832 4183 -reptamque
870 4121 936 4168 ab
976 4136 1039 4170 eo
1069 4123 1182 4171 loco
1217 4124 1591 4188 Proserpinam

494 4211 501 4220 ·
527 4207 707 4244 seeum
729 4205 1044 4262 asportasse,
1060 4206 1116 4249 et
1132 4199 1302 4249 subito
1320 4215 1421 4250 non
1438 4202 1590 4266 longe

528 4271 595 4322 ab
617 4272 748 4324 urbe
768 4274 1033 4339 Syracusis
1047 4284 1345 4343 penetrasse
1367 4280 1464 4329 sub
1486 4286 1589 4330 ter-

1673 2841 1791 2886 ras;
1828 2828 2097 2891 lacumque
2116 2825 2171 2873 in
2209 2839 2271 2874 eo
2305 2824 2419 2874 loco
2450 2822 2628 2874 statim
2653 2838 2736 2873 ex-

1673 2904 1861 2962 titisse,
1910 2904 1998 2954 ubi
2050 2903 2362 2967 Syracusani
2419 2901 2583 2951 festos
2629 2901 2736 2950 dies

1673 2978 1916 3042 agebant.
1985 2978 2091 3027 Alii
2128 2978 2310 3027 dicunt
2333 2991 2441 3025 rem
2465 2975 2737 3040 gestamini

1674 3055 1878 3119 Attica,
1904 3071 2004 3121 qna
2042 3057 2294 3120 Cephisus
2323 3055 2487 3103 amnis
2526 3053 2737 3120 Eleusin

1669 3134 1942 3195 praeterit:
1979 3132 2068 3182 alii
2108 3132 2323 3181 tradunt
2357 3131 2424 3179 ab
2456 3128 2739 3179 Acherusio

1668 3223 1826 3273 specu
1848 3209 2010 3258 Ponti
2027 3208 2295 3257 emersisse
2312 3207 2612 3256 Plutonem.

1738 3290 1834 3334 189
1870 3286 2121 3334 Mutavere
2147 3283 2324 3350 fidem]
2396 3282 2576 3344 Astra,
2619 3280 2740 3347 quia

1671 3369 1968 3412 constanter
1989 3376 2107 3410 suos
2137 3376 2315 3410 cursus
2339 3365 2541 3420 tenent,
2563 3358 2739 3408 viden·

1673 3447 1758 3488 tur
1778 3438 1934 3488 fidem
1970 3438 2177 3486 dedisse
2216 3451 2308 3485 seu
2349 3434 2647 3498 promisisse
2688 3446 2741 3483 se

1673 3515 1747 3564 ita
1800 3529 1983 3564 cursus
2033 3527 2243 3577 semper
2279 3526 2396 3560 esse
2432 3519 2739 3570 servaturis3

1671 3591 1766 3641 sed
1791 3599 1962 3640 tamen
1989 3598 2132 3649 tunc,
2155 3589 2363 3639 turbata
2381 3587 2535 3651 equis
2558 3587 2740 3637 Plute-

1674 3670 1774 3730 nis,
1796 3676 2063 3716 mutavere
2086 3673 2141 3714 et
2164 3664 2322 3732 fidem
2344 3670 2400 3712 et
2423 3677 2647 3714 cursum.

1749 3745 1908 3794 Vetito
1939 3742 2148 3806 aeqaore]
2186 3742 2386 3804 Tethys
2402 3739 2615 3790 Oceani
2626 3756 2740 3791 con-

1667 3823 1765 3886 jux
1784 3823 1837 3871 in
1857 3821 2076 3883 gratiam
2109 3819 2347 3877 sunonis,
2372 3818 2564 3867 Ursam
2594 3819 2741 3881 pelli-

1674 3913 1787 3947 cem
1812 3898 1930 3947 odio
1959 3896 2216 3956 habentis,
2242 3895 2293 3942 in
2324 3906 2467 3941 mare
2501 3907 2619 3941 eam
2639 3907 2740 3942 non

1673 3976 1904 4039 recepit3
1928 3974 2062 4039 quod
2081 3973 2260 4021 fictum
2275 3980 2377 4030 est,
2397 3971 2518 4034 quia
2534 3984 2741 4035 semper

1673 4052 1819 4101 nobis
1833 4059 2053 4116 apparet
2071 4050 2205 4100 Ursa
2225 4048 2277 4097 in
2293 4047 2594 4097 sublimiore
2612 4047 2741 4099 coeu

1672 4129 1887 4179 vertice.

1735 4203 1931 4268 Arctos]
1963 4203 2103 4253 Ursa
2121 4201 2307 4266 major,
2322 4206 2382 4252 ut
2399 4195 2576 4263 supra.
