3034 4934
941 443 950 454 ,
991 403 1103 454 'IN
1156 402 1514 457 lwmmm
1563 404 1706 454 hm.
1751 404 1846 460 11.

321 545 625 598 imbellium*
653 546 912 599 hominum
946 553 1005 599 et
1036 550 1165 599 sulae
1204 548 1395 614 impro-

322 623 406 674 ba
428 623 572 674 velut
589 624 844 675 devictus·
913 626 1260 677 Orientalium
1278 628 1389 677 lux-

2368 389 2554 460 lssae·

1477 554 1585 599 tam
1629 547 1956 600 Arcadianns
1995 563 2148 616 quam
2191 549 2542 604 Honorianns.

1467 624 1823 678 Arcadianum
1858 634 2034 693 potest
2057 636 2117 679 nt
2140 643 2297 693 snpra
2326 643 2547 696 vocave7

307 714 383 750 -us
405 706 480 749 et¹
505 701 750 751 mollities
785 708 929 766 nota,
968 710 1022 752 et
1054 703 1176 752 alibi
1212 710 1388 754 nostro
1467 704 1542 754 rit
1576 706 1592 734 ‘
1613 707 1778 755 Eoum
1826 706 2080 756 militem.’
2145 707 2232 757 Sic
2270 707 2542 773 ‘Utraque

320 778 605 842 exagitata.
669 779 860 829 Tamen
898 794 1078 832 verunt
1110 781 1267 830 etiam
1304 787 1388 831 est
1465 782 2247 840 castra'movisseStilichonem
2261 784 2389 835 dicit
2403 799 2541 840 vers.

315 855 539 906 mixtum
575 855 931 907 Orientalibus
960 857 1212 908 militibus
1234 872 1384 909 exer-

316 934 483 984 eitum
539 933 677 983 hunc
726 933 1027 984 Stilichonis
1073 933 1248 998 fuisse,·
1293 936 1382 1000 qui

313 1023 422 1064 non
449 1010 741 1060 ‘veniebant
768 1012 991 1075 primum
1012 1012 1064 1061 iu
1084 1020 1261 1075 partes
1282 1012 1382 1062 Ar·

303 1087 578 1153 -eadianas,
619 1089 712 1138 sed
756 1090 1014 1140 redibant.
1083 1091 1202 1141 Hoc
1246 1091 1381 1141 libro

298 1178 393 1216 Νι.
413 1169 526 1215 369.
540 1166 616 1216 ita
638 1168 862 1232 loquitur
880 1169 1027 1218 miles
1048 1186 1061 1218 ε
1083 1169 1099 1197 ‘
1125 1169 1279 1219 Unde
1300 1183 1378 1219 re-

312 1242 388 1304 dii
411 1245 617 1295 nescis?
651 1247 885 1309 patiarne
925 1249 1103 1298 audire
1145 1250 1378 1312 satelles,

312 1322 582 1385 Quirleges
600 1323 713 1372 aliis
729 1324 1127 1391 libertatemque
1146 1326 1375 1376 reduxi?

312 1399 601 1464 Eugenium
642 1396 791 1451 enim
817 1417 884 1452 ex
920 1403 1164 1468 magistro
1202 1404 1378 1454 litera-

310 1489 426 1526 rum
452 1476 830 1542 Imperatorem
852 1479 952 1530 boc
974 1481 1213 1534 exercitu
1235 1481 1376 1532 devi-

297 1559 457 1604 cerat
496 1555 829 1607 Theodosius.
898 1557 968 1606 Et
992 1557 1190 1608 Gallias
1225 1556 1375 1623 Alpi-

299 1644 503 1697 nosque
527 1638 722 1683 tractus
752 1635 866 1698 ejus
890 1635 1023 1699 jugo
1042 1635 1372 1689 liberaverat.

304 1710 595 1761 Videbatur
616 1725 741 1761 vero
766 1711 983 1763 Stilicho
1006 1721 1258 1764 caeternm
1282 1716 1373 1765 mi-

302 1784 449 1837 litem
465 1802 644 1838 secum
665 1788 951 1852 reduxisse,
968 1791 1247 1855 Legionem
1267 1808 1373 1843 mo-

302 1861 381 1912 do
396 1864 600 1913 unicam
628 1865 682 1913 in
706 1865 876 1916 Rufini
900 1867 1114 1930 regione
1135 1868 1371 1934 reliquis-

287 1949 379 2002 ·se,
400 1953 467 1989 ex
490 1954 554 1990 eo
571 1941 726 1989 'versu
746 1945 842 1991 267
857 1942 1078 1993 dicitur:
1113 1945 1129 1972 ⁸
1156 1945 1230 1994 Ut
1252 1960 1369 1995 sese

287 2015 438 2091 lQio
482 2016 613 2067 vidit
655 2017 920 2082 disjuncta
962 2019 1214 2085 relinqui!
1263 2021 1368 2073 Sed

284 2091 525 2143 -Poetice
557 2093 685 2143 illud
711 2094 922 2159 dictum,
942 2110 1062 2147 cnm
1086 2111 1189 2147 non
1211 2111 1368 2147 unam

297 2170 391 2224 sed
414 2171 590 2234 plures
611 2178 882 2235 agnoscat,
899 2186 979 2224 vs.
1000 2176 1113 2223 312.
1134 2189 1146 2223 t
1171 2174 1187 2202 ⁴
1209 2174 1365 2237 Nunc

298 2245 496 2311 Epulas
518 2253 745 2311 ternpus,
782 2249 931 2313 socii,
949 2263 1085 2299 nnnc
1108 2249 1256 2315 larga
1277 2266 1366 2315 pa-

298 2336 418 2372 rare
455 2323 697 2386 Munera,
764 2323 1162 2391 donandumque
1216 2328 1363 2377 novis

293 2401 588 2466 legionibus
629 2403 846 2468 aurum(
910 2403 1246 2469 Suspicnmnr
1291 2412 1364 2455 ta-

294 2492 417 2532 men
447 2474 567 2528 ver'e
583 2493 686 2543 per
710 2481 1164 2543 exprobrationem
1186 2496 1361 2546 qnam-

292 2553 433 2617 piam
465 2556 724 2605 occultam
748 2556 901 2605 Eoum
923 2557 1191 2620 appellare
1213 2573 1360 2608 sunm

291 2631 531 2695 militem,
567 2631 729 2682 veluti
753 2632 834 2682 ,ab
866 2632 1074 2683 homine
1112 2633 1359 2699 deinceps

288 2708 517 2759 molliori
542 2751 550 2759 .
575 2715 631 2758 et
694 2707 1008 2760 effoeminato
1056 2711 1359 2776 regendum,

289 2785 509 2851 ejusque
520 2785 738 2849 imperio
755 2788 1143 2838 assentientem.
1201 2787 1354 2840 Idem.

297 2895 306 2904 ·
352 2866 453 2930 219
487 2864 747 2928 Gontiguo]
775 2865 927 2915 .'1'arn
962 2865 1257 2931 propinquo
1296 2874 1357 2918 ut

286 2941 437 2991 velut
474 2955 642 2992 mann.
663 2941 893 3007 contingi
924 2943 1103 3007 possit.
1167 2943 1356 3009 Virgil.

284 3017 488 3068 “Hunc
530 3018 621 3069 nbi
666 3019 967 3083 contignum
1022 3021 1193 3071 missae
1238 3021 1354 3074 fore

283 3094 517 3147 credidit
537 3096 734 3146 liastae.'
791 3097 943 3147 Idem.

293 3212 302 3220 .
349 3176 447 3223 221
486 3171 745 3234 Ceraunia]
794 3172 943 3236 Epiri
964 3179 1163 3226 montes
1190 3173 1352 3226 famo-

284 3248 328 3299 si
349 3246 1146 3313 naufragiis.ettempestatibus.
1197 3251 1350 3301 Unde

282 3327 521 3378 Lucanus
543 3343 558 3377 ε
593 3328 609 3355 ‘
631 3326 920 3390 Scopulosa
941 3328 1200 3378 Ceraunia
1229 3344 1350 3380 nau-

269 3411 354 3456 -tae
387 3404 597 3454 Summa
618 3403 835 3454 timent!
904 3403 1185 3454 Horatius:
1222 3408 1237 3433 ‘
1261 3407 1347 3455 In·-

279 3478 462 3532 fnmeis
477 3481 714 3544 scopulos
732 3480 1156 3543 Acroceraunia!
1193 3482 1346 3532 Idem.

344 3560 445 3606 222
477 3555 615 3605 Elisa
630 3555 842 3605 tonitrua
866 3556 1028 3620 Coris]
1077 3557 1199 3605 Non
1217 3556 1346 3607 illisa

280 3632 499 3684 Lucens.
533 3640 590 3682 et
623 3634 837 3697 Gyrald.
872 3633 946 3683 sic
982 3632 1099 3682 elisa
1130 3635 1256 3683 unda
1278 3649 1345 3683 ex

279 3709 488 3775 optimis
523 3709 836 3759 membranis
871 3723 1031 3772 supra
1052 3707 1143 3759 lib.
1184 3722 1223 3758 1.
1264 3724 1341 3760 vs.

276 3790 393 3838 274.
418 3787 706 3838 habuimus.
740 3787 811 3837 D.
832 3786 1004 3836 Heius.
1099 3829 1106 3834 .

339 3862 477 3914 Illisa
527 3864 736 3913 tonitrua
786 3861 931 3925 coris]
985 3860 1185 3911 Φυσικὸν
1224 3861 1340 3913 boc.

282 3941 434 3992 Vento
465 3940 601 3991 enim
638 3941 781 3991 calor
813 3940 1037 4002 humori,
1071 3940 1173 3989 imo
1203 3940 1339 4003 ignis

273 4023 534 4083 impactus
550 4017 706 4066 undae
728 4016 895 4082 gignit
915 4016 1163 4067 tonitrua.
1196 4017 1340 4081 Lege

257 4049 488 4148 ’Lucrete
510 4093 601 4143 lib.
623 4107 701 4143 vi.
735 4092 918 4143 Barth.

261 4213 268 4219 .
336 4175 435 4222 228
471 4170 745 4236 Ereptaque
763 4168 958 4234 pra-lia]
1016 4134 1340 4220 Discedente

269 4247 766 4312 Stilichone.1dm.

254 4361 270 4372 .
293 4355 320 4376 2.
319 4328 440 4384 224
468 4324 678 4399 Popula
697 4323 913 4391 defendit
930 4324 1151 4398 uterque]
1181 4324 1338 4377 Miles

1464 863 1577 913 104.
1658 860 1727 909 Et
1765 859 1818 910 in
1842 862 2057 925 querela
2081 861 2279 924 Rufini,
2318 877 2393 912 vs.
2420 867 2536 924 161.

1457 934 1475 963 ‘
1497 936 1667 985 Eoum
1688 936 1923 987 militem’
1949 940 2152 1002 reposci
2176 938 2337 990 vides.
2378 938 2536 1003 Unde

1457 1013 1635 1063 nescio
1651 1029 1717 1063 an
1735 1013 1971 1077 superior
1988 1028 2064 1066 vs.
2084 1019 2202 1066 217.
2220 1016 2537 1082 interpreta-

1458 1090 1538 1139 tio
1559 1097 1737 1140 nostra
1758 1090 1884 1140 satis
1908 1092 1979 1144 sit
2001 1091 2293 1156 commoda,
2312 1107 2429 1142 cum
2450 1107 2533 1143 re·

1455 1165 1668 1216 mittere
1687 1168 1853 1216 Eoum
1878 1168 2033 1219 modo
2056 1167 2273 1218 militem
2308 1168 2532 1220 voluerit

1456 1243 1694 1293 Stilicho.
1747 1245 1901 1294 Idem.

1447 1357 1458 1364 -
1521 1325 1620 1371 226
1654 1322 1766 1372 Νοιι
1817 1323 2047 1372 illaudata
2089 1323 2277 1372 lacessit
2320 1286 2531 1387 Sedato]

1453 1400 1679 1451 Poterat
1723 1401 1826 1451 alio
1871 1401 2078 1450 nomine
2118 1402 2215 1450 hoc
2257 1407 2526 1460 certamen

1452 1477 1703 1528 indicare.
1737 1479 1932 1527 Verum
1952 1479 2048 1527 hoc
2066 1476 2345 1527 Poetarum
2363 1477 2529 1529 maxi-

1451 1569 1656 1605 morum
1664 1561 1780 1619 ·est,
1801 1551 1994 1619 aliduid
2014 1553 2330 1603 contrarium
2350 1568 2529 1617 aecer,-

1447 1645 1591 1694 sere,
1614 1639 1667 1686 et
1703 1632 1872 1696 ipsum
1908 1630 2054 1693 velut
2092 1629 2273 1679 vitium
2297 1630 2523 1695 quadam

1453 1710 1652 1759 virtute
1674 1722 1807 1757 nova
1828 1701 2060 1756 induere.
2091 1705 2244 1755 Idem.

1479 1785 1607 1843 227
1646 1786 1862 1836 clamore
1903 1781 2169 1846 moventur]
2245 1782 2521 1839 Queruntur

1444 1861 1608 1913 iidem
1643 1862 1869 1913 Lucem.
1919 1867 1977 1910 et
2020 1860 2238 1923 Gyrald.
2276 1875 2394 1910 cnm
2429 1876 2519 1912 ex-

1445 1940 1642 2003 cerptis
1660 1937 1966 2002 Pomponii:
1990 1935 2175 2000 scripti
2202 1938 2520 2001 caeteri,mo.·

1444 2021 1584 2065 vetur
1598 2032 1616 2065 .-
1637 2015 1785 2079 prim.
1802 2016 1927 2064 Vat.
1950 2017 2205 2066 moventur.
2239 2015 2312 2074 D.
2333 2013 2517 2064 Heius.

1507 2095 1607 2141 228
1638 2089 1879 2153 Lac-ertia]
1893 2087 2160 2150 Manibus,
2176 2090 2349 2152 potius
2364 2104 2517 2154 quam

1441 2168 1673 2219 lacertis.
1697 2169 1897 2232 Estque
1926 2166 1992 2215 de
2016 2164 2133 2230 pilis
2158 2165 2376 2226 dietum,
2398 2182 2518 2234 quae

1438 2247 1668 2297 extensis
1678 2246 1892 2298 lacertis
1901 2245 2319 2297 excutiebantur.
2336 2246 2517 2297 Barth.

1502 2329 1602 2376 230
1617 2326 1789 2389 Leges,
1838 2325 2024 2378 vibrato
2071 2325 2309 2389 imponere
2349 2324 2515 2390 ferro]

1438 2402 1525 2453 Sic
1561 2418 1681 2453 cum
1714 2402 1977 2466 Isingrino,
1998 2401 2201 2452 Claver.
2225 2408 2283 2451 et
2305 2401 2515 2465 Raphe:

1436 2479 1636 2543 lengius
1657 2495 1671 2529 z
1715 2479 1849 2544 quod
1877 2477 2186 2528 confirmant
2208 2477 2433 2531 Lucens.
2456 2484 2513 2527 et

1437 2559 1589 2622 prim.
1634 2557 1810 2608 Vatic.
1863 2557 2056 2606 Caeteri
2102 2569 2221 2606 cum,
2261 2557 2508 2621 vulgatis,

1431 2635 1602 2683 stu-icto
1638 2636 1765 2696 leges
1784 2631 2167 2697 imponereserro
2185 2648 2203 2682 .·
2226 2637 2508 2698 utrumqne

1431 2710 1671 2773 probum.
1741 2708 1879 2758 Illud
1931 2714 2121 2760 tamen.
2153 2709 2291 2758 malo
2317 2724 2333 2769 ;
2384 2707 2508 2773 qnia

1430 2785 1448 2814 ‘
1470 2786 1683 2836 strictos,
1731 2784 1993 2849 deponere
2037 2784 2273 2849 cogimur
2318 2784 2506 2847 enses,’

1420 2867 1533 2930 jam
1554 2863 1839 2929 praecessit.
1887 2865 1955 2915 D.
1980 2864 2154 2915 Heius.

1492 2946 1590 2991 231
1624 2942 1930 3007 Injiammata
1968 2945 2110 2992 semel
2134 2942 2301 2993 'nescit
2342 2943 2505 2993 mites·

1427 3035 1533 3069 eere
1553 3019 1728 3084 υἱῆας]
1783 3021 1899 3071 Nec
1933 3020 2069 3070 enim
2095 3021 2259 3070 virtus
2283 3020 2506 3085 philoso-

1428 3098 1583 3162 phica
1604 3097 1859 3186 quaepiam
1902 3104 1994 3148 ant
2028 3098 2183 3148 animi
2217 3098 2505 3152 beatitudi-

1387 3189 1395 3197 ·
1425 3187 1546 3225 nem
1581 3189 1897 3225 concernens
1917 3174 2004 3237 hic
2026 3175 2370 3240 intelligenda
2385 3183 2500 3239 est3

1426 3251 1515 3302 sed
1543 3252 1781 3302 militaris
1818 3252 1992 3317 potius
2023 3251 2224 3304 ferocia
2245 3260 2301 3304 et
2321 3256 2401 3304 ira
2420 3269 2500 3305 se-

1424 3327 1589 3396 quens
1607 3344 1900 3381 mucronem
1914 3331 2029 3393 jam
2051 3330 2307 3381 strictum.
2356 3332 2497 3384 Nam

1420 3410 1633 3464 virtutis
1653 3411 1905 3460 vocabulo
1928 3409 2113 3459 Poe'tae
2132 3409 2498 3464 fortitudinem

1419 3487 1720 3549 militarem,
1782 3485 2003 3535 animum
2059 3485 2220 3536 caedis
2273 3486 2494 3540 bosticae

1420 3563 1648 3624 avidum,
1707 3568 2184 3627 contemtoremqne
2216 3562 2366 3628 lucis,
2396 3578 2493 3614 sae-

1418 3638 1629 3702 pissime
1650 3639 1903 3689 indicant.
1946 3638 2130 3689 Barth.

1482 3718 1581 3763 232
1612 3714 1832 3775 Javnjam
1878 3714 2167 3781 barbaricas]
2215 3716 2334 3765 Jam
2369 3714 2501 3774 mihi

1415 3789 1584 3842 Aldus
1606 3796 1661 3840 et
1684 3791 1869 3855 scripti
1894 3792 2130 3855 plerique
2154 3807 2169 3851 ;
2204 3805 2299 3855 pto
2322 3792 2486 3840 mitra·

1414 3882 1507 3932 qae
1530 3867 1627 3917 Ed.
1666 3868 1842 3919 Parin.
1872 3868 2092 3933 aliaeqne
2114 3868 2396 3931 nonnulle,
2426 3883 2490 3920 ac

1414 3946 1706 4006 PuteanuS‚
1723 3946 1994 4009 ultrixque.-
2025 3945 2169 4011 quod
2193 3945 2488 4010 Rspheien·

1417 4022 1545 4086 gina
1557 4029 1784 4085 secutus,
1799 4022 2159 4073 subscribente
2185 4030 2242 4073 et
2256 4021 2493 4072 Barthio.

1412 4097 1518 4148 Sed
1542 4098 1681 4162 qnod
1713 4098 1791 4147 vir
1806 4098 1894 4148 ille
1912 4098 2243 4150 doctissimus
2262 4095 2489 4150 affimat

1413 4174 1711 4226 universum
1754 4174 2085 4238 Belgicorum
2096 4172 2345 4223 codicum
2367 4185 2483 4237 gre-

1414 4265 1530 4315 gem
1573 4248 1632 4304 τὺ
1662 4250 1817 4300 ultrix
1856 4262 2156 4312 agnoscere,
2199 4246 2355 4298 aliter
2397 4262 2484 4300 res

1413 4342 1530 4383 sese
1551 4326 1735 4379 habet.
1790 4326 1880 4382 Illi
1896 4326 2048 4386 ,enim
2080 4326 2481 4389 uumconstm-
