3034 4934
4 1630 36 2842 '51⁴‘wwuffussflt'3‘ffz-Ww2tr‘n

5 2966 12 2998 ..-

18 2961 29 2992 ψ*

9 3426 26 3448 ι
5 3355 16 3386 τ’·
4 3118 29 3309 ΈΚᾺΣἮ
7 3025 27 3074 ur

1037 407 1120 459 nt
1153 407 1529 462 nummu}
1576 411 1748 462 muz
1772 403 1831 464 10⁴

313 519 620 616 ἱιωιιηιεηιῖ.
662 550 994 604 Ambrosium
1019 553 1212 603 '‘Mare
1234 550 1398 603 fuane-

332 634 480 680 rator
522 635 627 692 est,
668 631 893 681 omnium
933 632 1243 696 patrimonia
1287 639 1395 681 tau·

332 718 486 770 quam
501 703 986 774 fluctuatabsorbetss
1023 709 1200 761 Barth.

399 797 496 844 184
552 794 747 858 Nescit]
800 797 920 847 Nou
978 797 1155 847 sentit.
1206 789 1394 860 Virssgil.

331 863 530 934 Georg.
551 884 592 921 1.
642 876 658 900 ‘
681 873 969 923 Nescivere
986 872 1254 938 hyemem?
1287 873 1395 922 Cur

331 953 505 996 antem
523 963 666 998 mare
683 962 785 998 non
806 957 1012 1000 crescat
1032 957 1112 1000 tot
1129 947 1300 1000 fluviis
1317 949 1394 999 in·

326 1021 689 1085 gradientibus
708 1037 940 1074 caussam
965 1026 1054 1076 dat
1074 1039 1140 1075 ex
1162 1026 1276 1075 aliis
1299 1025 1410 1076 Ni·-

329 1100 582 1163 cephorus
602 1101 935 1168 Blemmydes
957 1102 1209 1169 Physicis.

401 1176 670 1228 {sudantem
691 1177 894 1243 Istrum]
925 1179 1011 1230 Ob
1029 1180 1252 1244 copiam.
1297 1179 1394 1231 Est

329 1251 467 1301 enim
486 1254 783 1319 cumprimis
801 1255 986 1321 ingens
1005 1254 1190 1306 fluvius
1213 1257 1392 1306 Danu-

326 1327 464 1379 bius.
498 1330 678 1380 Barth.

395 1399 490 1454 185'
524 1405 728 1470 Septem
757 1408 957 1471 gurgite
979 1408 1170 1473 Nilum]
1202 1410 1393 1461 fictore

327 1479 577 1545 ltingt-ini
603 1483 801 1535 codex:
826 1492 884 1536 ut
902 1485 1039 1536 infra
1058 1486 1150 1537 lib.
1168 1501 1234 1537 n.
1266 1488 1284 1517 ⁴
1307 1488 1396 1554 Ig-

325 1562 554 1622 notaque
568 1559 744 1610 littora
761 1561 905 1612 Nili.
891 1561 924 1592 ·'
946 1562 1017 1612 de
1037 1564 1392 1616 laud.Stilicl1.

324 1631 578 1700 “Nilique
593 1635 660 1686 ad
676 1636 853 1687 littora
874 1639 1128 1704 tendens,’
1151 1655 1247 1705 pro
1263 1642 1398 1690 simi·

323 1709 477 1775 lisque
498 1717 640 1776 meat,
661 1722 854 1779 praeter
876 1717 1164 1767 Lucensem
1187 1723 1244 1767 et
1266 1717 1395 1769 duos

325 1787 419 1836 aut
442 1793 549 1838 tres
585 1787 733 1854 alios,
770 1791 955 1856 reliqui
992 1798 1169 1857 manee,
1206 1808 1395 1858 appro-

323 1863 488 1913 bante
510 1865 748 1916 Barthio.
785 1867 892 1916 Pro
916 1869 1118 1932 Explere
1153 1870 1281 1918 calor
1314 1870 1396 1920 ille

324 1941 513 2004 nequit,
533 1941 826 1993 Priscoenus
845 1944 958 1993 sitis
975 1946 1087 1995 istu.
1122 1945 1187 1996 D.
1209 1945 1394 1996 Heius.

379 2015 632 2067 ‘AEstivum
677 2019 885 2083 Nilum]
942 2021 1028 2070 Ab
1067 2021 1410 2094 AEthiopibus3

327 2093 623 2157 oriundum,
661 2101 722 2145 ut
758 2103 1013 2160 putarunt.
1049 2104 1276 2161 veteres,
1311 2100 1395 2148 vel

325 2169 464 2234 qnod
481 2170 665 2221 oestivo
678 2178 916 2238 tempore
931 2180 1168 2239 augetur.
1214 2176 1392 2227 Barth.

390 2245 633 2299 AEutivm
668 2241 860 2315 Nilum]
912 2253 1066 2305 Nilus
1111 2253 1397 2319 AEgyptum

323 2325 654 2391 irrigaturus,
699 2328 866 2392 primo
901 2343 1025 2379 vere
1058 2335 1149 2380 aut
1176 2331 1395 2381 solstitio

322 2380 610 2452 autumnali
631 2404 886 2466 excurrit,
914 2404 1096 2469 hyeme
1115 2420 1393 2471 nunquam.

322 2480 485 2531 Solin.
502 2494 620 2544 cap.
639 2485 720 2533 35.
735 2481 993 2546 Polyhist.
1012 2483 1209 2536 Lucan.
1227 2484 1318 2534 lib.
1336 2498 1392 2535 x.

324 2571 374 2607 v.
396 2560 512 2607 210.
533 2556 722 2609 Tibull.
760 2557 854 2608 lib.
876 2573 914 2607 1.
940 2558 1087 2622 Eleg.
1126 2563 1175 2608 7.
1234 2560 1396 2609 ‘Fer-

322 2633 433 2684 tilis
452 2633 635 2683 aestiva
655 2619 805 2684 Nilus
822 2634 1052 2685 abundat
1066 2650 1216 2702 aqua.
1217 2634 1395 2688 ’Plin.

321 2710 418 2761 lib.
446 2723 611 2762 xvni.
634 2726 753 2776 cap.
775 2715 856 2761 18.
886 2711 1109 2777 princip.
1150 2711 1395 2776 ‘septeno

324 2788 567 2852 gurgite,'
585 2790 723 2853 quod
747 2796 950 2853 septem
968 2789 1115 2839 ostiis
1137 2804 1192 2839 se
1215 2790 1266 2838 iu
1291 2804 1394 2839 ma·

324 2880 387 2916 re
410 2874 675 2918 exoneret.
710 2866 908 2917 Noster
925 2868 1152 2932 Epithal.
1171 2870 1393 2919 Houorii

324 2949 385 2993 et
405 2943 592 2993 Mariae
615 2941 841 3008 princip.
892 2944 909 2972 ‘
929 2944 1146 3009 Septem
1172 2945 1395 3009 despec-

320 3026 443 3069 tans
483 3034 674 3070 cornua
715 3019 865 3071 Nili!
949 3021 1123 3084 Maro,
1160 3021 1274 3072 AEn.
1315 3036 1394 3074 vr.

320 3095 338 3124 ⁴
361 3102 565 3160 septem
603 3096 879 3160 geminum'
919 3104 1103 3148 vocat:
1160 3106 1217 3148 at
1256 3100 1393 3151 Plin.

320 3172 492 3224 liban
508 3169 626 3238 cap.
645 3178 691 3224 9.
726 3177 741 3202 ‘
759 3174 944 3224 multas
960 3179 1165 3226 tantum
1196 3174 1394 3227 fauces'

323 3250 489 3315 pouit.
508 3250 697 3299 Strabo
719 3250 810 3300 lib.
835 3263 876 3300 1.
908 3247 1140 3311 στόματα.
1175 3253 1393 3316 Dempst.

391 3331 491 3378 186
524 3328 628 3378 Par
647 3343 825 3391 semper
845 3327 1130 3394 similisque]
1164 3329 1234 3379 Et
1256 3343 1396 3394 mag-

321 3403 563 3454 nitudine
586 3409 643 3453 et
663 3403 845 3468 figura.

389 3481 639 3531 Fluctibus
659 3479 792 3543 αιιή]
826 3480 1033 3543 Magnis
1052 3448 1393 3532 confluxibus.

392 3561 487 3606 187
524 3555 729 3624 Expiet-i
766 3559 892 3606 calor
927 3559 1008 3606 ille
1042 3557 1225 3622 nequit]
1279 3559 1395 3610 Hoc

322 3633 552 3683 maxime
574 3640 829 3684 vexantur
852 3632 1085 3683 avaritias
1115 3635 1395 3699 mancipia,

323 3715 534 3773 semper
551 3710 862 3774 possidendo
881 3711 1030 3775 plura
1043 3710 1278 3774 cupiunt,
1296 3726 1395 3762 nec

322 3784 576 3835 minuitur
616 3785 843 3836 habendi
888 3781 1081 3851 cupido
1125 3786 1242 3834 ullis
1288 3786 1399 3851 opi-

320 3862 440 3914 bus.
520 3862 723 3913 Seneca
760 3862 1021 3912 Furente:
1077 3862 1094 3890 ‘
1114 3863 1258 3913 nullo
1291 3862 1397 3915 fine

322 3937 515 3990 heatus
536 3940 695 3989 Gazis
721 3939 922 3989 inhians
963 3941 1225 4005 componit
1248 3955 1397 4004 opes,

321 4015 400 4066 Et
417 4022 669 4080 congesto
692 4030 892 4080 pauper
911 4016 965 4065 in
992 4031 1116 4067 auro
1142 4015 1257 4067 est!
1291 4016 1399 4067 Ho-

321 4098 430 4142 rat.
476 4093 645 4157 Epist.
684 4094 774 4144 lib.
796 4108 837 4144 1.
907 4095 923 4121 ‘
947 4095 1165 4159 semper
1209 4109 1393 4145 avarus

323 4174 481 4235 eget:
521 4176 723 4220 certum
749 4176 873 4221 voto
897 4176 1019 4235 pete
1041 4170 1235 4223 finem!

359 4245 376 4260 '
394 4246 667 4311 Cuicumque
680 4248 851 4298 monile
868 4248 1156 4298 Contextum
1174 4250 1398 4315 gemma]

322 4323 596 4378 Sordidum
619 4324 818 4391 publici
847 4324 1111 4393 praedonis
1139 4328 1399 4394 rapacita-

2362 399 2541 470 1242

1472 561 1578 603 tem
1593 554 1736 618 dicit,
1749 556 1906 605 etiam
1920 554 2257 611 muliebribus
2268 565 2539 609 ornamen-

1471 631 1540 684 tis
1561 646 1665 681 non
1688 646 1969 695 parsurum.
2000 634 2179 685 Barth.

1540 712 1635 758 188
1667 711 1770 760 Διί
1787 710 1971 773 proedioe
1990 713 2123 761 culta
2145 711 2378 776 sitim]
2426 712 2547 763 sui..

1472 783 1568 835 das
1593 785 1658 835 ad
1684 786 1916 852 verbum,
1930 802 2058 838 voce
2078 787 2334 852 ‘Patauina
2354 788 2434 838 καὶ
2451 805 2541 839 συ-

1471 859 1560 911 λὺς
1578 860 1643 920 ἣν
1659 861 1812 924 ὄχλος
1830 866 1929 913 τᾶν
1945 863 2248 930 “praebui-vv
2270 865 2318 915 εἴ
2331 883 2424 914 σου
2443 863 2540 916 τινὶ

1471 938 1649 1005 χωρίον
1665 939 1868 1006 ὑπάρχοι
1896 941 2182 1005 membr
2201 961 2259 992 τε
2279 941 2357 993 καὶ
2379 941 2541 1007 εὔκαρ-

1470 1034 1579 1068 πον.
1624 1018 1730 1069 Ubi
1769 1027 1827 1069 et
1864 1020 2018 1085 plura
2037 1019 2092 1069 in
2124 1021 2255 1071 banc
2293 1035 2419 1073 rem.
2467 1020 2538 1072 D’.

1474 1096 1648 1147 Heius.

1541 1178 1638 1225 189
1702 1175 1878 1241 Rufino
1921 1176 2210 1240 populandas
2252 1174 2380 1239 erat]
2426 1193 2431 1198 ·
2452 1174 2549 1227 Sb'

1471 1250 1664 1301 Praedo
1685 1266 1907 1302 annosus
1938 1250 2077 1302 idem
2108 1251 2321 1314 dicitur,
2360 1257 2416 1302 et
2452 1249 2542 1301 vo·

1471 1322 1630 1379 luisse
1659 1325 1899 1379 aerarium
1928 1327 2182 1378 urbanum
2220 1325 2465 1393 spoliare,
2506 1341 2542 1378 a

1470 1405 1797 1470 Symmacho,
1831 1405 1923 1455 lib.
1960 1419 2037 1455 vr.
2077 1406 2252 1469 Epist.
2289 1409 2369 1455 14.
2450 1405 2539 1455 Sic

1469 1482 1609 1532 enim
1632 1482 1941 1532 Claudianus
1977 1488 2156 1532 noster
2189 1495 2310 1530 mox
2335 1481 2402 1531 ad
2422 1495 2538 1531 ver-

1470 1558 1610 1626 bum,
1633 1562 1648 1589 ⁴
1665 1561 1903 1626 orbisque
1921 1559 2092 1611 ruinas
2108 1560 2321 1624 Accipit
2334 1573 2438 1610 una
2449 1559 2551 1609 doc

1469 1636 1621 1686 mus!
1656 1636 1798 1690 Quid
1819 1638 2003 1688 mirum
2023 1644 2199 1689 autem
2214 1637 2435 1689 Praesidi
2446 1631 2541 1688 '⁸150

1470 1713 1555 1763 cui
1596 1714 1693 1764 hoc
1731 1714 1928 1764 crimen
1964 1713 2141 1777 fuisse,
2178 1726 2296 1764 cum
2319 1714 2545 1765 Romani

1469 1806 1584 1841 eam
1606 1791 1774 1855 legem
1797 1790 1912 1841 fere
1935 1792 2221 1855 tenuerint,
2243 1792 2369 1841 satis
2392 1806 2541 1843 caus·

1471 1884 1541 1917 soe
1561 1868 1625 1918 ad
1641 1861 1966 1932 spoliandum
1984 1870 2226 1935 aliquem,
2241 1870 2379 1935 quod
2398 1868 2541 1920 foret

1470 1942 1632 1995 dives.
1666 1945 1840 1994 Barth.

1537 2025 1633 2069 190
1716 2015 1978 2070 Metuendu
2032 2021 2208 2071 colonis
2262 2021 2540 2086 Fertilitas]

1469 2096 1855 2147 Evertebantur
1894 2098 2030 2147 enim
2082 2097 2259 2147 fundis
2306 2099 2410 2148 suis
2448 2097 2538 2163 qui

1469 2172 1718 2236 singulari
1742 2173 1914 2239 aliqua
1944 2173 2288 2226 foecunditate
2319 2173 2538 2226 nobiIIo·

1470 2262 1555 2298 res
1576 2243 1855 2304 habebant.
1887 2249 2037 2300 Idem·

1537 2327 1626 2374 191
1664 2325 1869 2376 Laribus
1878 2325 2039 2390 pellit]
2070 2325 2270 2377 Similia
2282 2326 2453 2378 omnia
2470 2327 2538 2379 de

1470 2402 1729 2453 Gildone:
1765 2405 1780 2432 ‘
1806 2404 2084 2468 perturbat
2101 2405 2243 2455 avita
2266 2407 2538 2472 Quemque

1468 2480 1639 2543 domo,
1654 2483 1879 2531 vetereis
1899 2483 2134 2532 detrudit
2154 2497 2274 2533 rure
2291 2482 2538 2534 colonos?

1536 2557 1771 2607 Detrudit
1789 2558 2147 2624 avitisfinibus]
2186 2559 2416 2609 Pacatus
2434 2560 2539 2609 Pa·

1467 2648 1650 2699 negyr.
1684 2636 1699 2662 ‘
1723 2650 1823 2685 non
1863 2635 2095 2687 contenti
2132 2635 2347 2686 miseros
2383 2635 2538 2686 avitis

1467 2712 1723 2762 evolvisse
1739 2712 2078 2777 patrimoniis,
2089 2713 2541 2764 calumniabantur

1470 2789 1526 2837 in
1572 2790 1892 2854 sanguinem,
1949 2796 2005 2841 et
2045 2792 2182 2842 vitas
2227 2792 2539 2856 premebant

1468 2879 1672 2915 reorum
1700 2866 1813 2930 jam
1847 2868 2166 2931 pauperum?
2230 2869 2385 2917 Fines
2418 2883 2538 2933 pos-

1469 2943 1722 2992 sessiones
1745 2943 1884 3008 ipsas
1899 2951 2104 3008 notant,
2120 2945 2311 3011 alioqui
2331 2944 2553 2996 termini*

1468 3031 1561 3068 eas¹
1578 3018 2079 3071 circumscribentes.
2147 3021 2328 3072 Celsus
2349 3021 2448 3073 JC.
2486 3036 2537 3072 c.

1470 3099 1550 3146 18.
1574 3095 1640 3144 de
1665 3110 1780 3160 aeq.
1803 3097 1886 3145 vel
1910 3111 2008 3145 am.
2035 3110 2174 3160 poss.
2207 3096 2223 3124 ‘
2245 3097 2288 3146 si
2313 3096 2539 3147 vicinum
2617 3159 2624 3167 υ

1468 3171 1593 3220 mihi
1628 3170 1845 3221 fundum
1866 3179 2126 3223 mercator
2163 3173 2216 3222 in
2250 3187 2367 3224 mea
2403 3173 2538 3224 turri

1470 3248 1817 3312 demonstret,
1873 3264 2191 3315 vacuamque
2234 3266 2291 3300 se
2337 3264 2538 3315 posses-

1471 3323 1668 3373 sionem
1693 3325 1897 3375 tradere
1919 3326 2081 3388 dicat,
2110 3339 2210 3375 non
2231 3327 2398 3375 minus
2422 3339 2542 3389 pos-

1471 3400 1640 3451 sidere
1676 3403 1830 3466 coepi,
1864 3417 2016 3467 quam
2046 3404 2089 3453 si
2122 3403 2308 3466 pedem
2343 3402 2536 3454 finibus

1469 3477 1797 3528 intulissem!
1888 3479 2010 3529 Hoc
2062 3485 2146 3529 est
2200 3480 2305 3544 ipsi
2356 3478 2536 3531 fundo.

1470 3553 1650 3605 Barth.

1539 3634 1633 3679 192
1670 3632 1796 3681 Occu
1829 3637 1879 3680 ut
1894 3631 2063 3695 hoeres]
2084 3630 2389 3681 Gildouico:
2413 3632 2430 3660 ‘
2448 3630 2536 3680 In·

1472 3712 1579 3756 stat
1604 3646 1852 3756 terribilis
1877 3707 2027 3769 vivis,
2061 3707 2402 3756 morientibus
2435 3707 2540 3756 bae·

1471 3797 1574 3846 res,
1595 3784 1892 3849 Virginibus
1916 3792 2114 3849 raptor,
2131 3784 2324 3848 Nuptis
2345 3784 2540 3834 obscoe·

1471 3875 1568 3909 nus
1631 3861 1870 3913 adulter.'
1971 3862 2267 3912 Miserrima
2335 3860 2539 3913 coactio

1472 3937 1632 3987 etiam
1656 3946 1973 3988 mortuorum
1992 3940 2087 3990 sub
2106 3938 2429 4004 principibus
2445 3939 2540 3989 im-

1472 4017 1848 4080 potentissimae
1872 4018 2149 4079 vecordiae,
2166 4017 2209 4067 si
2233 4017 2345 4082 quis
2367 4017 2537 4067 salvas

1471 4108 1538 4143 ex
1562 4095 1735 4158 aliqua
1764 4094 1935 4143 saltim
1959 4101 2108 4159 parte
2132 4091 2538 4143 necessitudines

1471 4185 1588 4220 suas
1609 4172 1786 4235 vellet,
1806 4177 2117 4221 testamento
2140 4167 2374 4232 Principi
2392 4168 2540 4219 here·

1472 4246 1695 4296 ditatem
1717 4248 1800 4296 vel
1833 4248 2107 4310 integram,
2145 4245 2226 4294 vel
2259 4243 2539 4312 potiorem,

1471 4324 1663 4377 cedere
1687 4337 1901 4375 necesse
1921 4321 2166 4374 babebat.
2202 4320 2350 4374 laem.
