3034 4934
908 399 1203 452 RAPTUS
1250 401 1608 453 PROSERP.
1657 404 1807 454 mn.
1854 405 1936 454 11.

313 543 451 606 Seu
483 547 553 608 tu
582 543 965 625 sanguineis
992 545 1317 610 ululantia
1346 545 1696 630 Dindyma
1723 546 1944 614 Gallis

310 642 590 721 IncoIiS,
621 653 692 709 et
717 648 986 711 strictos
1018 647 1329 712 Curetum
1364 652 1649 733 respicis
1678 669 1901 729 enseS,

309 745 542 811 Exitio
570 768 884 814 succurre
915 771 1112 816 meo:
1160 772 1517 835 compesce
1544 754 1901 818 furentem:

310 847 694 933 Comprime
722 851 959 917 ferales
988 856 1158 918 torvi
1188 854 1525 938 praedonis
1553 856 1877 921 habenas.

393 953 674 1017 Talibus
704 955 814 1019 ille
843 956 1036 1021 ferox
1065 958 1269 1023 dictis
1295 959 1587 1042 fletuque
1616 960 1863 1025 decoro

307 1052 647 1135 Vincitur,
677 1065 746 1121 et
775 1061 968 1142 primi
997 1064 1289 1144 suspiria
1312 1064 1509 1126 sentit
1537 1064 1809 1128 amoris.

306 1155 498 1221 Tunc
527 1159 889 1244 ferrugineo
921 1163 1251 1249 lacrymas
1281 1165 1576 1248 detergit
1604 1168 1880 1246 amictu,

310 1256 398 1322 Et
420 1259 700 1341 placida
728 1271 1041 1332 moestum
1071 1266 1325 1331 solatur
1353 1288 1522 1332 voce
1551 1269 1873 1334 dolorem:

397 1362 655 1460 Desine
683 1365 968 1431 funestis
994 1370 1312 1447 animum,
1344 1370 1771 1455 Proserpina,
1800 1373 2003 1451 curiS‚

2389 653 2520 720 270

2381 1168 2515 1234 275

304 1533 360 1576 tu
382 1528 570 1578 habitas
592 1531 834 1597 Dindyma
859 1533 1154 1583 resonantia
1188 1535 1375 1584 ululatu
1412 1534 1660 1584 Gallorum
1678 1536 2157 1597 sanguinolentorum,
2195 1541 2243 1585 et
2274 1538 2402 1586 vides
2418 1538 2523 1598 gla-

302 1593 408 1642 dios
429 1597 575 1643 midos
599 1598 840 1658 Curetum,
864 1599 967 1647 veni
991 1601 1053 1647 ad
1089 1600 1324 1648 auxilium
1346 1615 1534 1657 meam,·
1571 1602 1724 1650 retine
1751 1600 1992 1661 furiosum
2026 1601 2336 1661 Plutonem;
2369 1602 2523 1655 retine

291 1656 460 1718 ,fr-cena
483 1658 681 1718 funesta
718 1664 923 1726 raptoris
959 1665 1174 1713 crudelis,
1244 1666 1398 1713 Pluto
1435 1680 1587 1714 soevas
1611 1666 1690 1714 ille
1713 1666 1920 1715 mollitur
1941 1667 2015 1715 his
2047 1666 2216 1727 verbis,
2239 1670 2286 1714 et
2295 1666 2420 1731 fletu
2442 1668 2523 1715 de·

301 1724 468 1781 centi5
507 1730 555 1773 et
588 1731 792 1776 testatur
820 1729 975 1790 primo
1005 1730 1187 1791 gemitu
1224 1744 1273 1777 se
1314 1729 1647 1779 succubuisse
1689 1736 1866 1780 amori:
1918 1737 2029 1779 tunc
2062 1731 2259 1780 siccavit
2292 1733 2523 1795 lacrymas

301 1793 434 1837 veste
461 1790 621 1854 πίξνα,
653 1807 710 1840 ac
739 1796 1006 1843 consolatur
1044 1795 1229 1843 tristem
1251 1795 1364 1859 ejus
1403 1810 1644 1844 maerorem
1666 1811 1874 1846 sermone
1904 1798 2101 1846 blando:
2142 1796 2190 1845 Ο
2219 1797 2522 1861 Proserpina,

1240 1923 1602 1943 OOOO‘OJONOO

303 2000 453 2050 Med.
495 2013 665 2065 quart.
706 2003 891 2054 Heius».
933 2005 1006 2054 H.
1054 2006 1260 2069 undique
1299 2008 1377 2054 vel
1399 2008 1593 2056 horrida
1616 2006 1759 2056 Med.
1792 2010 2034 2069 pra—269
2069 2005 2164 2054 Seu
2185 2010 2234 2053 te
2253 2005 2374 2053 Vat.
2396 2011 2519 2057 tert.

302 2065 436 2115 Exc.
459 2066 644 2116 Petav.
664 2073 997 2132 quarn-270
1026 2072 1208 2120 strictis
1234 2070 1459 2120 Curetum
1493 2071 1626 2121 Exc.
1660 2072 1847 2119 Petav.
1872 2079 2043 2135 quart.
2077 2070 2274 2133 despicis
2292 2071 2415 2119 Vat.
2441 2085 2521 2132 pr.

299 2127 427 2179 Jun.
450 2145 554 2180 sec.
578 2134 773 2197 respicis
795 2135 1027 2183 Floreat.
1048 2134 1150 2184 duo
1168 2136 1310 2185 Med.
1335 2136 1436 2184 duo
1462 2136 1649 2185 Heius.
1671 2136 1795 2185 Put.
1819 2136 1944 2198 Reg.
1972 2137 2169 2184 Bonan.
2189 2135 2392 2182 Tholos.
2418 2134 2521 2185 duo

300 2194 457 2243 Voss.
483 2201 590 2245 tres
612 2197 799 2247 Petav.
824 2201 956 2248 Exe.
976 2199 1164 2249 Petav.
1194 2208 1359 2264 quart.
1382 2203 1506 2251 Var.
1547 2203 1650 2251 LL.
1679 2216 1708 2250 e
1745 2215 1907 2265 marg.
1943 2200 2115 2249 Parm.
2161 2199 2337 2248 deseris
2357 2199 2521 2251 chart.

302 2258 489 2310 Heius.
514 2263 644 2312 Cod.
664 2263 951 2314 Bartholiu.
975 2264 1060 2313 ed.
1088 2267 1258 2313 Parm.
1285 2273 1341 2315 et
1377 2268 1553 2318 Vicet.
1585 2266 1784 2329 despicis
1804 2265 1885 2314 vel
1909 2265 2105 2328 respicis
2124 2264 2306 2314 Ambr.
2332 2271 2522 2313 tert.—

301 2327 399 2374 271
446 2326 610 2376 Exitio
645 2328 679 2379 J
685 2344 768 2378 un.
810 2345 889 2393 pr.
921 2330 1019 2378 inc.
1059 2330 1243 2384 Heius,
1278 2333 1400 2380 Var.
1441 2332 1545 2380 LL.
1584 2347 1614 2380 e
1650 2346 1811 2394 marg.
1854 2331 2032 2379 Parm.
2073 2329 2258 2378 deerat
2277 2343 2402 2378 vero
2432 2330 2519 2378 hic

301 2403 485 2439 versus
508 2393 630 2441 Vat.
655 2402 826 2457 quart.
867 2395 1089 2454 furentes
1126 2396 1244 2446 Vat.
1285 2401 1531 2459 pr.—272
1553 2396 1748 2458 fatales
1770 2397 1894 2446 Vat.
1935 2396 2100 2459 quint.
2151 2395 2277 2442 torvi
2311 2394 2521 2462 raptoris

302 2454 494 2504 Petav.
517 2472 594 2519 pr.
618 2458 738 2509 Juu.
765 2464 1029 2509 eece-273
1059 2463 1343 2524 planctuque
1371 2463 1486 2511 Vat.
1510 2477 1616 2512 sec.
1639 2462 1789 2511 Voss.
1811 2463 2074 2510 sem—274
2108 2461 2313 2523 primum
2336 2461 2519 2509 Petav-

300 2533 406 2570 σεο.
442 2523 570 2571 novit
595 2524 822 2573 Floreut.
874 2525 1017 2573 sentit
1044 2526 1228 2574 Petav.
1254 2541 1355 2574 sec.
1390 2528 1538 2574 sensit
1560 2527 1673 2576 Pal.
1698 2533 1753 2575 et
1775 2526 1960 2587 viginti
1987 2524 2152 2573 Codd.
2183 2527 2306 2574 Exc.
2332 2526 2519 2573 Petav-

340 2591 641 2636 uart.--275
674 2589 887 2650 deterget
911 2589 1007 2640 inc.
1035 2590 1214 2640 Heius.
1264 2593 1470 2651 detergit
1491 2592 1632 2641 Vat.s
1651 2598 1769 2641 tert.
1798 2592 2024 2639 Floreat.
2049 2590 2149 2637 duo
2171 2589 2316 2637 Med.
2339 2588 2519 2638 Heius.

360 2685 374 2698 .
393 2650 522 2699 Put.
545 2654 674 2715 Reg.
692 2655 891 2703 Bonon.
908 2654 1121 2703 Tholos.
1146 2657 1267 2706 Jun.
1294 2671 1370 2718 pr.
1395 2657 1544 2705 Voss.
1558 2671 1638 2720 pr.
1651 2657 1773 2706 Vat.
1797 2670 1874 2717 pr.
1896 2656 2019 2703 Vat.
2040 2654 2205 2702 Livin.
2226 2654 2330 2701 duo
2346 2652 2520 2701 Oxou.

300 2721 411 2763 tres
434 2716 620 2767 Petav.
640 2718 764 2769 Var.
789 2720 890 2768 LL.
917 2735 946 2768 e
970 2734 1134 2783 marg.
1160 2720 1333 2769 Parni.
1383 2722 1582 2769 detersit
1616 2722 1740 2770 Vat.
1766 2735 1844 2783 pr.
1868 2726 1924 2768 et
1946 2733 2048 2768 sec.
2070 2725 2125 2767 et
2154 2721 2206 2766 d.
2239 2717 2367 2767 Cod.
2389 2718 2520 2765 Bar·

302 2780 488 2829 thulin.
515 2790 617 2831 vet.
638 2783 768 2847 Gyr.
791 2785 910 2833 Vat.
937 2786 1100 2834 Livio.
1125 2787 1253 2834 Exc.
1280 2786 1462 2834 Petam
1488 2793 1657 2849 quart.
1703 2786 1913 2834 detera-it
1947 2783 2090 2832 Med.
2115 2791 2285 2847 quart.
2334 2784 2522 2830 detexit

301 2844 596 2898 Arde-276
624 2848 722 2898 Sea
738 2850 925 2912 placida
948 2849 1063 2900 Pal.
1113 2852 1329 2898 timorem
1363 2851 1558 2900 Moret.
1590 2866 1668 2915 pr.
1711 2852 1935 2918 pudorem
1971 2849 2090 2899 Vat.
2115 2851 2355 2912 ριν-278
2387 2845 2519 2896 vario

1306 2966 1515 3014 NOTAE

300 3070 424 3104 nam
470 3056 640 3121 Lydia
678 3043 964 3124 Mygdonia
1019 3062 1162 3111 dicta
1202 3067 1300 3124 est,
1343 3077 1373 3110 a
1455 3064 1641 3111 tinnitu
1687 3063 1963 3112 Saturnum
2013 3060 2205 3109 liberos
2262 3059 2520 3107 masculos

304 3131 595 3196 Mygdone.

369 3209 568 3272 Buxus]
600 3211 664 3259 Id
686 3218 788 3273 est,
813 3212 945 3262 tibia
967 3212 1105 3262 facta
1129 3229 1193 3263 ex
1218 3214 1372 3266 buxo.

370 3290 472 3335 269
506 3289 770 3352 Dindyma]
817 3292 973 3341 Mons
997 3302 1078 3342 est
1102 3307 1249 3342 sacer
1269 3308 1374 3342 ma·

302 3365 372 3414 tri
397 3364 587 3429 Deum,
603 3368 653 3415 iu
680 3368 925 3432 Phrygia.

371 3442 660 3504 Sanguineas
698 3440 928 3496 ulntsantia
988 3446 1167 3511 Gallis]
1231 3445 1405 3514 Galli?

302 3529 459 3568 eraut
481 3521 707 3583 Cybeles
732 3524 956 3572 Deorum
985 3525 1165 3572 matris
1192 3524 1372 3571 Sacer-

304 3595 478 3658 dotes,
519 3598 607 3660 qui
639 3613 830 3660 magno
866 3614 983 3649 cum
1021 3599 1225 3648 ululatu
1260 3599 1374 3662 ejus

304 3687 457 3723 sacra
492 3676 844 3739 peragebant3
890 3678 1084 3742 quippe
1119 3676 1206 3741 qui
1244 3691 1376 3740 aqua

303 3751 468 3799 amnis
500 3752 829 3816 Berecyntia»
853 3761 1012 3818 epota
1033 3752 1291 3815 furerent,
1319 3761 1375 3802 et

304 3843 397 3876 sua
418 3831 651 3879 membra
679 3831 1016 3896 dissecarent,
1036 3831 1173 3880 unde
1194 3830 1374 3880 dicun-

304 3911 391 3954 tur
407 3909 675 3969 sanguinei.

366 3986 468 4032 270
505 3984 757 4047 Curetum]
810 3985 941 4034 Sunt
978 3986 1027 4035 hi
1058 3986 1140 4034 vel
1176 3985 1372 4046 Cretae,

302 4060 389 4108 vel
431 4060 823 4122 Samothraciae,
875 4063 953 4109 vel
1010 4063 1243 4124 Euboeae,
1290 4063 1371 4109 vel

306 4134 554 4200 Phrygiae
614 4138 828 4200 populi;
883 4138 1066 4189 Jovem
1125 4136 1371 4187 infantem

306 4217 490 4266 aluisse
528 4218 793 4277 dicuntur,
839 4227 895 4267 et
929 4234 994 4268 ne
1032 4219 1209 4282 vagitu
1244 4233 1373 4283 puer

306 4306 418 4343 sese
439 4296 712 4359 proderet,
741 4296 940 4359 clypeis
976 4295 1132 4345 aeneis
1155 4300 1210 4345 et
1251 4294 1369 4344 aeris

1452 3140 1789 3189 devorantem
1811 3139 2043 3189 elusisse.

1517 3222 1614 3267 273
1652 3216 1833 3279 Ferox]
1868 3216 1979 3264 Etsi
2004 3214 2160 3263 durus
2183 3227 2244 3261 ac
2265 3209 2409 3261 flecti
2444 3210 2520 3259 in-

1453 3292 1656 3342 docilis.

1519 3370 1727 3432 Decoro]
1758 3367 2020 3417 Pulchro:
2073 3377 2365 3428 quanquam
2381 3361 2516 3410 enim

1454 3447 1630 3494 vultus
1670 3444 1951 3507 lugentium
1975 3440 2148 3490 flendo
2188 3441 2521 3502 depravatur,

1454 3523 1716 3571 nonnullae
1743 3530 1910 3569 tamen
1949 3520 2002 3567 in
2030 3520 2167 3567 luctu
2202 3530 2304 3565 nou
2336 3529 2517 3579 parum

1454 3597 1695 3647 formosae
1719 3596 1979 3646 videntur.
2394 3608 2402 3615 ·

1518 3680 1616 3724 275
1653 3674 1964 3737 Ferrugineo]
2016 3673 2173 3723 Cotor
2206 3671 2293 3719 ille
2319 3668 2520 3720 Infero-

1453 3767 1568 3801 rum
1600 3753 1809 3802 videtur
1846 3765 1959 3799 esse
1993 3749 2250 3814 proprius.
2314 3748 2519 3797 Charon

1452 3831 1806 3894 Virgiliauus:
1841 3830 1856 3856 ⁴
1883 3831 1953 3878 Et
1985 3828 2279 3891 ferruginea
2311 3825 2516 3889 subjee-

1454 3916 1535 3956 tat
1557 3922 1778 3971 corpora
1802 3906 2020 3971 cymba.’
2405 3929 2412 3934 ·

1517 3988 1613 4032 277
1649 3982 1895 4045 funestis]
1930 3982 2036 4031 Aut
2058 3979 2379 4046 perniciosis,
2398 3993 2517 4044 quoe

1454 4073 1642 4122 corpus
1685 4065 1992 4120 extenuant,
2043 4065 2135 4107 aut
2175 4055 2398 4105 funestis
2448 4054 2516 4103 'ob

1451 4145 1647 4185 metum
1671 4138 1883 4186 mortis:
1929 4150 2048 4183 uam
2082 4140 2367 4184 extremam
2401 4145 2519 4197 perg

1447 4213 1641 4264 niciem
1665 4214 1887 4263 timebat
1906 4210 2241 4276 Proserpina.
