3034 4934
554 463 738 534 1236

552 624 743 676 bantur
759 620 997 675 malefici
1035 637 1068 672 a
1087 619 1234 672 furiis
1256 625 1347 670 aut
1381 617 1616 669 manibus

556 707 964 766 peremptorum.
1030 699 1101 748 Et
1136 698 1218 747 his
1255 696 1460 760 quidem
1496 709 1619 745 con·

554 778 788 841 scientim
838 775 1031 826 stimuli
1095 772 1476 832 describuntur,
1529 770 1619 835 qui

555 855 822 920 quiescere
854 868 959 904 non
996 853 1189 914 sinunt,
1208 849 1300 899 sed
1339 847 1485 899 velut
1508 861 1620 897 ver·

553 931 765 981 beribus
803 930 1029 979 animum
1064 927 1349 989 lancinant,
1369 937 1437 973 ne
1475 936 1619 973 secu-

555 1022 645 1057 rus
664 1007 735 1057 sit
756 1006 921 1056 ullibi.

621 1083 846 1147 I-hcibnae]
878 1082 1054 1146 Igneis
1077 1079 1315 1130 stimulis.

623 1157 904 1222 cingimur]
937 1156 1229 1206 Armamur.

621 1235 828 1286 Facibus
865 1233 1163 1297 nequicquam
1210 1228 1446 1293 cingimur
1475 1226 1622 1291 atris]

553 1311 865 1374 Accingimsr
884 1310 1163 1359 Tbuaneus
1185 1313 1488 1369 :utrumque
1503 1317 1620 1368 pro·

554 1390 678 1439 bum
731 1395 832 1438 est.
916 1385 1176 1435 Videatur
1222 1384 1306 1433 hic
1376 1382 1622 1431 Barthius

554 1449 746 1530 magno
765 1462 1155 1516 commentario.
1187 1461 1258 1510 D.
1283 1459 1456 1508 Heius.

620 1547 686 1593 5⁰
722 1542 855 1598 Quas
889 1540 1086 1603 Jupiter
1105 1542 1237 1586 arcet
1278 1534 1501 1599 Olympo]
1532 1533 1620 1583 Sic

553 1617 862 1667 veterrimus
876 1615 1147 1665 Lucensis:
1173 1613 1499 1671 caster-imum
1516 1613 1623 1661 vul·

558 1693 976 1756 gatis,quaseoelo
1011 1692 1208 1755 Jupiter
1242 1697 1399 1740 arcet.-
1433 1690 1508 1739 sic
1541 1703 1620 1739 w.

561 1769 718 1820 Cons.
754 1768 895 1818 Hon.
928 1767 1226 1817 ‘Sinceram
1266 1767 1436 1830 patrio
1477 1780 1621 1816 men·

555 1852 662 1895 tem
695 1844 900 1896 furatus
917 1844 1145 1910 Olympo
1170 1844 1202 1895 ς’
1238 1850 1293 1894 et
1314 1858 1454 1908 saepe
1479 1841 1620 1893 alibi.

555 1921 707 1974 Idm.

557 2029 562 2035 ·
620 2005 685 2050 51
722 1996 1030 2062 undosius]
1067 1999 1176 2050 Pro
1196 1995 1538 2048 'Theodosius'-

553 2081 562 2090 '
621 2081 685 2127 53
724 2078 934 2142 Cumque
959 2077 1078 2127 Fide
1095 2074 1292 2138 Pietas]
1325 2077 1464 2125 Duae
1484 2088 1620 2123 soro·

553 2168 635 2202 res
655 2153 908 2215 Justitiae,
933 2167 1051 2201 nam
1086 2158 1206 2216 post
1228 2165 1437 2200 ameum
1462 2165 1620 2199 saecu·

553 2223 658 2280 l'um
684 2243 799 2278 cum
821 2229 883 2278 iis
909 2228 973 2277 ad
998 2229 1186 2278 coelum
1226 2227 1413 2277 abiisse
1449 2227 1618 2290 poetas

552 2298 849 2354 finxerunt:
884 2304 1124 2355 Juvenal.
1148 2304 1260 2353 Sat.
1301 2316 1410 2352 vn:
1446 2304 1618 2352 ‘Pau-

554 2379 700 2430 latim
724 2378 912 2428 deinde
954 2378 1018 2427 ad
1059 2392 1270 2442 superos
1292 2378 1502 2428 Astraea
1538 2394 1617 2429 re·

552 2456 729 2518 cessit,
744 2454 860 2506 Hac
881 2456 1090 2520 comite,
1113 2462 1269 2520 atque
1288 2454 1400 2506 duae
1421 2456 1619 2520 pariter

547 2529 733 2597 fugere
757 2531 995 2581 sorores!

617 2609 739 2659 Alta
758 2608 958 2673 cervice]
998 2608 1187 2658 Erecto
1211 2608 1400 2673 animo,
1423 2615 1482 2660 et
1502 2623 1617 2660 suc·

550 2688 776 2738 cessibmz
800 2703 971 2738 rerum
993 2687 1306 2740 confidente.
1349 2690 1550 2741 Barth.

613 2770 676 2815 55
710 2765 943 2829 Liquidas
976 2780 1062 2829 per
1082 2767 1245 2831 auras]
1293 2766 1490 2816 Coelum
1523 2780 1616 2830 pu·

551 2833 684 2903 rum,
708 2841 844 2904 quod
876 2840 1107 2890 invidens
1130 2842 1288 2891 Furia
1311 2856 1617 2892 commemo·

552 2906 650 2965 rat.
712 2916 801 2965 Sic
826 2915 1011 2965 Horat.
1043 2917 1058 2944 ‘
1078 2917 1239 2966 Ferar
1256 2917 1433 2967 Penna
1456 2916 1614 2967 bifor-

549 2989 644 3043 mis
668 3006 765 3055 per
789 2991 1041 3058 liquidum
1065 2992 1297 3042 aethera?
1332 2993 1482 3043 Idem.

612 3071 679 3116 56
709 3066 754 3118 Α
777 3065 950 3132 stirpe]
984 3067 1070 3118 Ab
1093 3076 1147 3118 et
1182 3084 1297 3120 cum
1322 3069 1447 3133 ipsis
1482 3069 1615 3119 radi·

550 3140 719 3192 cibus.
786 3144 936 3192 Idem.
1077 3138 1084 3146 ’

610 3221 674 3268 67
713 3219 962 3268 Τεηεῠνοοο
988 3235 1012 3269 e
1032 3221 1239 3284 carcere]
1287 3222 1421 3271 Sane
1445 3222 1612 3273 Theo·
1642 3260 1646 3265 -

539 3289 689 3344 'dosio
725 3294 960 3359 principe
979 3293 1210 3346 refloruit
1233 3297 1611 3363 quodammodo

551 3371 803 3437 Respubl.
845 3374 1107 3423 Romana:
1143 3374 1278 3424 unde
1305 3375 1453 3426 aiibi:
1484 3373 1611 3442 ‘'po-

540 3453 671 3497 n'unt
721 3448 986 3498 caniciem
1037 3443 1197 3512 leges,
1253 3450 1610 3503 emendantur-

542 3538 642 3588 que
699 3531 949 3589 venusta»,
1002 3524 1380 3593 Acceduntque
1425 3526 1612 3578 novae.'

544 3599 699 3648 Idem.

612 3673 869 3725 Tenebroso
906 3690 931 3725 e
970 3693 1160 3727 earcere
1197 3678 1346 3744 leges]
1412 3678 1610 3744 Scripti

541 3749 645 3797 non
691 3758 976 3813 agnoscunt
995 3751 1054 3801 τὸ
1095 3770 1159 3805 e:
1195 3755 1387 3819 primus
1433 3762 1609 3806 tamen

539 3824 715 3874 Vatic.
756 3827 947 3892 aliique
985 3833 1273 3895 complures
1316 3833 1368 3882 iu
1404 3850 1607 3884 carcere.

543 3897 610 3950 D.
636 3900 817 3951 Heius.
1333 3915 1340 3918 ’

576 4050 588 4063 .
608 3980 675 4026 58
709 3977 979 4043 Indecores]
1027 3980 1148 4032 Sine
1172 3983 1348 4050 vigore
1369 3992 1462 4036 aut
1499 3986 1607 4051 glo·

545 4066 642 4102 ria.

569 4131 578 4138 ”
609 4133 674 4179 60
711 4131 842 4186 Quid
870 4130 1037 4193 furias
1076 4136 1260 4202 deceat]
1313 4139 1457 4189 Mala
1493 4139 1604 4192 scil.

545 4206 825 4268 omnia,·uil
849 4210 1053 4259 omnino
1080 4213 1312 4275 probum.

609 4284 672 4332 61
711 4284 970 4350 Conventa]
1012 4290 1265 4357 Concilio,
1302 4307 1392 4344 seu
1433 4294 1607 4361 potius

548 4358 804 4410 conluvie.
841 4363 1017 4415 Barth.

924 476 1142 528 No'rAE
1189 474 1596 526 VAmomm
1647 473 1728 523 m
1774 472 1894 523 01..
1940 466 2221 526 cnam).
2271 471 2386 524 111.

1756 619 1822 666 62
1855 617 1972 666 Jaui
1993 618 2148 681 cupio,
2166 615 2271 679 &ej
2314 613 2616 680 SicVirgil.
2646 616 2774 667 AEn:

1686 696 1724 743 l.
1743 709 1846 744 vu.
1878 694 1896 722 ‘
1914 695 1999 745 cui
2024 695 2198 745 tristia
2232 695 2370 744 bella
2410 694 2621 759 lraeque
2643 692 2771 746 imi-

1690 769 1892 836 diaeque
1912 778 1968 822 et
1992 773 2141 821 noxia
2160 771 2376 822 crimina
2389 770 2578 820 cordi!

1754 853 1818 900 63
1854 849 2000 898 Fiam
2022 850 2198 898 violare
2219 846 2368 910 diem]
2408 844 2641 896 Afflatus
2663 846 2769 916 ΡΨ

1691 925 1883 975 riarum
1926 934 2019 977 aut
2053 924 2333 976 inferorum
2377 925 2517 973 diem
2565 924 2767 973 violare

1692 1003 2017 1054 credebatur.
2049 1001 2182 1052 Vide
2206 1001 2330 1051 illud
2355 1002 2422 1050 de
2448 1006 2606 1063 raptu
2630 1000 2768 1048 Pro·

1690 1094 1828 1143 serp.
1861 1080 1876 1107 ‘
1893 1078 2169 1144 afflataque
2195 1092 2351 1127 curru
2368 1076 2556 1126 Sidera
2576 1076 2767 1125 Taena·

1690 1154 1808 1204 rio.’
1872 1157 2067 1207 Contra
2104 1157 2321 1221 afflatum
2357 1153 2478 1202 lucis
2527 1151 2769 1202 coelestis

1691 1231 1844 1281 inferi
1867 1246 1967 1280 non
1990 1231 2336 1295 patiebantur.
2371 1227 2552 1278 Barth.

1755 1315 1819 1360 65
1857 1312 1925 1360 Et
1948 1325 2106 1361 remia
2126 1309 2482 1375 vexarefidem]
2503 1308 2596 1357 Ita
2618 1312 2770 1357 recte

1693 1386 1999 1438 Cluverius:
2034 1402 2129 1436 nec
2152 1385 2333 1449 scripti
2373 1384 2623 1433 meliores
2664 1384 2771 1432 dis·

1693 1463 1944 1513 sentiunt.
2010 1464 2294 1526 vulgatum
2321 1463 2487 1522 laxare
2507 1459 2641 1509 ferri
2666 1474 2770 1510 non

1691 1546 1888 1603 potest,
1910 1538 2050 1604 quod
2074 1538 2418 1603 praecesserit.
2455 1537 2562 1586 Alii
2582 1539 2773 1602 lapsare

1694 1630 1790 1679 pro
1813 1616 1988 1665 lassare
2011 1614 2165 1664 etiam
2189 1627 2289 1663 non
2310 1613 2461 1663 male.
2515 1614 2647 1662 Duo
2664 1618 2772 1676 tar·

1693 1693 1804 1743 bare
1814 1710 1830 1742 .·
1842 1692 2086 1743 Barthius
2096 1692 2280 1741 laxare.
2307 1690 2526 1740 Vexandi
2546 1690 2771 1741 verbum

1694 1769 1978 1820 Claudiano
1999 1784 2101 1818 non
2126 1782 2344 1818 novum:
2388 1767 2424 1816 l.
2451 1780 2488 1816 ι.
2513 1767 2570 1815 in
2598 1767 2772 1818 stilic.

1693 1846 1759 1895 de
1780 1846 1933 1895 navi:
1966 1847 1981 1872 ‘
2001 1844 2224 1895 Nubilus
2248 1844 2426 1908 AEgoeo
2466 1856 2629 1907 quam
2665 1849 2776 1891 tur·

1691 1921 1814 1971 bine
1837 1928 1992 1971 vexat
2008 1919 2206 1972 Orion!
2240 1919 2350 1969 Lib.
2369 1932 2431 1967 ιι.
2466 1919 2480 1945 ‘
2500 1919 2771 1968 Venatum

1691 2013 1880 2062 corpus
1903 1997 2063 2047 laceri
2079 1995 2243 2061 regni’
2268 1995 2434 2044 dixit:
2471 2001 2527 2044 et
2543 1996 2560 2022 ‘
2585 1995 2771 2046 urbem

1690 2075 1980 2139 legionibus
2029 2071 2257 2134 vexare,'
2291 2072 2327 2121 l.
2346 2086 2430 2123 ιιι.
2474 2072 2595 2138 Lib.
2618 2085 2661 2121 1.
2701 2073 2775 2123 de

1690 2152 1854 2215 Rapt.
1887 2153 1902 2180 ‘
1926 2151 2101 2201 Obvia
2135 2155 2355 2199 centeno
2389 2154 2637 2198 vexasset
2670 2148 2773 2197 ful·

1691 2226 1830 2277 mina
1866 2226 2042 2276 motu!
2094 2225 2233 2276 Ibid.
2282 2226 2388 2274 ‘Et
2425 2213 2573 2274 nullo
2612 2224 2772 2290 rigidi

1691 2306 1954 2356 vexabere
1996 2305 2215 2355 vomeris
2258 2303 2407 2355 ictu.’
2473 2304 2563 2353 Sic
2613 2313 2772 2355 vetus

1692 2381 1843 2432 liber.
1869 2382 2006 2432 bello
2041 2382 2251 2442 Getico,
2283 2380 2299 2408 ‘
2315 2379 2453 2432 Quid
2480 2379 2696 2444 mirum,
2726 2380 2772 2431 si

1692 2471 1851 2521 regna
1872 2459 2018 2508 labor
2041 2459 2280 2508 mortalia
2298 2463 2452 2506 vexat
2471 2456 2509 2505 ?'
2545 2458 2688 2524 unde
2714 2465 2773 2509 et

1692 2541 1919 2600 apparet¹
1933 2534 2066 2584 infra
2090 2534 2224 2584 libro
2244 2547 2312 2584 11.
2340 2534 2358 2561 ‘
2380 2533 2549 2583 Solito
2576 2548 2771 2598 pacem

1692 2621 1883 2659 vexare
1942 2609 2203 2672 tumultu‚'
2249 2624 2426 2660 veram
2481 2610 2772 2662 lectionem

1691 2699 1822 2737 esse.
1886 2686 2127 2738 Adeatur
2151 2687 2217 2738 A.
2251 2687 2453 2737 Gellius
2478 2686 2643 2739 Noct.
2667 2688 2772 2739 At-

1689 2761 1777 2813 tic.
1802 2777 1865 2814 ιι.
1901 2768 1949 2815 6.
2013 2764 2166 2830 plura
2205 2763 2330 2814 alibi
2370 2763 2625 2815 dicemus.
2692 2766 2766 2816 D.

1688 2838 1865 2891 Heius.

1752 2921 1817 2966 66
1856 2919 1922 2967 Et
1956 2922 2106 2968 tortos
2136 2923 2419 2983 serpentum,
2454 2916 2567 2982 ξω]
2621 2917 2764 2968 Vide

1685 2993 1832 3058 Virg.
1851 2994 2049 3046 AEneid.
2064 3009 2142 3046 vr.
2172 2996 2188 3025 ‘
2215 2994 2605 3060 Quinquaginta
2628 2994 2764 3046 atris

1685 3068 1921 3119 immanis
1941 3070 2168 3122 hiatibus
2185 3070 2386 3136 hydra?

1751 3147 1937 3197 Hiatus
1957 3148 2129 3211 tortos]
2162 3149 2268 3198 Pro
2310 3147 2459 3199 tortis
2506 3148 2765 3213 serpenti·

1685 3222 1781 3272 bus
1824 3224 1973 3287 dixit,
2016 3224 2104 3288 qui
2137 3225 2281 3275 hiatu
2325 3224 2490 3277 orium
2531 3226 2771 3276 maxime.

1686 3297 1953 3349 timentur.
2021 3300 2201 3349 Barth.

1755 3374 1920 3424 Tereos
1955 3381 2223 3439 serpentum
2257 3376 2416 3425 erexit
2451 3376 2641 3442 hiatus]
2669 3376 2760 3429 Ita

1688 3449 1829 3513 prior
1850 3450 2001 3501 Leid.
2018 3465 2148 3500 unus
2163 3452 2357 3502 Petav.
2378 3458 2434 3502 et
2456 3453 2635 3503 Oxou.
2652 3469 2759 3504 non

1682 3530 1821 3576 totos.
1847 3517 2015 3577 Furiis
2040 3534 2203 3578 tortos
2221 3542 2417 3591 angues
2433 3542 2464 3576 a
2482 3528 2657 3592 poe'tis
2669 3530 2760 3579 da-

1683 3601 1730 3660 ri
1749 3601 1974 3651 obvium.
2030 3597 2259 3652 Ovid.'in
2280 3602 2432 3653 Ibin:
2467 3606 2484 3630 ⁸
2505 3604 2757 3670 Quasque

1682 3678 1861 3731 ferunt
1897 3686 2039 3730 torto
2079 3681 2282 3731 vittatis
2337 3695 2506 3745 angue
2553 3684 2758 3749 capillis

1683 3755 1921 3807 Carceris
1946 3756 2191 3806 obscuras
2215 3765 2338 3808 aute
2362 3758 2548 3808 sedere
2571 3758 2754 3811 fores.’

1681 3833 1753 3883 Et
1767 3833 1889 3883 alibi
1903 3833 1969 3883 de.
1980 3833 2277 3898 Tisiphone,
2300 3840 2316 3863 ‘
2333 3841 2579 3900 tortoque
2595 3838 2759 3888 incin-

1681 3911 1817 3973 gitur
1838 3927 2003 3976 angue
2022 3912 2056 3962 :'
2088 3912 2347 3976 quomodo
2377 3920 2433 3963 et
2465 3914 2534 3963 de
2568 3917 2756 3967 eadem

1680 3987 1951 4058 Virgilius,
1982 3989 1999 4017 ‘
2020 3995 2291 4054 tortosque
2329 3989 2542 4040 sinistra
2573 3992 2758 4044 Inten-

1682 4070 1798 4113 taus
1815 4065 2044 4130 angues‚’
2079 4073 2138 4115 ut
2161 4067 2470 4117 vetustiores
2489 4068 2609 4118 libri
2632 4071 2754 4121 seri·

1682 4141 1828 4192 bunt.
1892 4143 2092 4193 Seneca
2144 4143 2392 4208 Thyeste,
2446 4146 2461 4173 ‘
2482 4147 2624 4198 Quid
2664 4162 2754 4198 ora

1596 4245 1601 4251 -
1679 4224 1844 4268 terres
1861 4218 2098 4282 verbere,
2131 4232 2186 4269 et
2207 4227 2370 4270 tortos
2403 4220 2556 4273 ferox
2582 4224 2753 4275 Mina·

1680 4296 1752 4345 ris
1787 4310 1980 4362 angues
1997 4296 2034 4346 ?'
2081 4296 2295 4361 Medea,
2329 4300 2345 4326 ‘
2366 4312 2553 4362 agmen
2591 4299 2753 4351 infer·

1670 4386 1803 4424 num
1843 4371 1986 4424 faces
2010 4373 2284 4426 Intentat:
2330 4373 2517 4442 ingens
2567 4377 2759 4445 anguis
