3034 4934
507 323 645 406 830
1171 339 1288 406 en.
1333 337 1763 390 (insumam
1812 338 2103 390 xxvm.

509 488 763 564 Laetior
788 487 942 553 hinc
972 485 1164 564 Fano
1190 485 1435 568 recipit
1464 483 1762 550 Fortuna
1788 490 2085 563 vetusto,
2585 482 2720 566 500

511 591 1024 675 Despiciturque
1053 607 1265 672 vagus
1291 592 1637 672 praerupta
1662 587 1840 652 valle
1871 586 2269 666 Metaurus„

511 692 675 772 Qua
700 712 887 758 mons
915 699 1057 758 arte
1080 702 1320 777 patens
1346 690 1509 756 vivo
1539 708 1613 753 se
1652 689 1955 773 perforat
1984 709 2173 769 areu,

509 793 939 881 Admisitque
964 796 1146 864 viam
1173 798 1382 860 sectae
1412 813 1540 877 per
1568 795 1829 860 viscera
1856 792 2066 879 rupis,

512 898 953 985 Exsuperans
984 898 1258 964 delubra
1284 897 1332 962 J
1334 898 1511 976 ovis,
1538 916 1844 982 saxoque
1873 898 2207 964 minantes

511 999 1030 1087 Apenninigenis
1062 1000 1279 1068 cultas
1306 1000 1697 1084 pastoribus
1728 1017 1904 1064 aras.
2575 996 2716 1064 505

510 1102 693 1198 Quin
717 1109 782 1169 et
811 1091 1133 1170 Clitumni
1160 1120 1388 1170 sacras
1416 1104 1779 1178 victoribus
1809 1101 2046 1181 undas,
2563 1101 2570 1114 “

510 1289 690 1354 excipit
712 1288 1003 1341 Honorium
1024 1290 1077 1339 in
1099 1290 1268 1355 templo
1287 1290 1499 1356 antiquo,
1518 1296 1567 1340 et
1602 1290 1857 1340 Metaurus
1878 1287 2165 1339 errabundus
2188 1302 2253 1338 ex
2285 1286 2393 1338 alto
2411 1285 2646 1351 aspicitur
2664 1286 2722 1337 in

509 1356 629 1405 ualle
648 1370 838 1416 saxosa,
870 1356 924 1406 in
961 1370 1053 1419 qua
1090 1370 1220 1404 mons
1254 1356 1446 1419 pervius
1485 1356 1722 1405 industria
1744 1353 2004 1403 homiuum
2029 1354 2187 1417 aperit
2207 1368 2306 1403 sese
2328 1351 2520 1413 fornice
2541 1349 2725 1413 nativo,

509 1425 559 1469 et
577 1421 746 1483 pandit
767 1420 863 1469 iter
877 1436 962 1484 per
986 1420 1257 1484 penetralia
1277 1421 1428 1470 casatis
1447 1420 1622 1481 scissae,
1653 1420 1862 1484 emineas
1878 1433 2038 1483 supra
2058 1420 2281 1483 templum
2301 1418 2458 1482 Joos’s,
2489 1424 2538 1467 et
2562 1431 2721 1482 supra

509 1485 688 1534 altaria
707 1485 911 1535 minacia
931 1486 983 1534 in
1019 1500 1154 1549 rupe,
1183 1487 1382 1535 adorata
1418 1500 1451 1534 a
1489 1484 1758 1548 pastoribus
1777 1484 2036 1548 Apennini.
2103 1483 2236 1540 Quin
2270 1484 2415 1533 etiam
2449 1498 2583 1532 amor
2612 1475 2723 1542 fuit

509 1549 709 1600 iuuere
744 1564 890 1614 aquas
913 1550 1144 1600 Clitumni
1177 1555 1388 1601 sacratas
1417 1549 1856 1615 triumphatoribus,
1896 1564 2002 1614 (ιω
2035 1562 2183 1614 aquae
2217 1548 2522 1613 suppeditant
2558 1554 2724 1608 tauros

1440 1728 1804 1751 0000000000

512 1842 676 1893 Antv.
716 1849 873 1895 retuso
895 1845 977 1895 vel
1009 1845 1166 1910 refuso
1188 1845 1517 1897 Oisel.—499
1553 1845 1738 1893 Oceano
1775 1843 1901 1896 Jun.
1938 1846 2180 1909 lin—5⁰0
2211 1841 2405 1893 Lenior
2426 1842 2573 1893 Med.
2594 1848 2723 1897 tert.

512 1908 589 1958 hic
605 1909 721 1960 Pal.
745 1911 972 1960 Florent.
998 1911 1144 1961 Med.
1165 1925 1242 1975 pr.
1261 1912 1384 1961 hm.-
1399 1911 1526 1960 Vat.
1548 1923 1651 1959 sec.
1669 1909 1770 1960 duo
1790 1909 1935 1960 Med.
1958 1910 2152 1960 Moret.
2172 1922 2251 1975 pr.
2272 1908 2351 1961 hic
2372 1909 2454 1958 vel
2477 1909 2528 1958 in
2547 1909 2723 1961 Oxou.

513 1988 594 2038 pr.
618 1974 752 2024 hamo
767 1989 863 2040 pro
887 1976 1022 2026 Fano
1042 1974 1077 2027 J
1083 1992 1166 2027 uu.
1183 1991 1263 2041 pr.
1287 1977 1500 2027 Fortuna
1522 1979 1702 2025 vetusto
1723 1976 1856 2026 Exc.
1878 1975 2101 2034 Schotti,
2135 1974 2187 2024 in
2211 1974 2399 2040 quibus
2422 1974 2718 2024 Gronovius

514 2040 822 2103 ascripserat
841 2042 1012 2117 locum
1035 2041 1176 2091 Plin.
1201 2040 1316 2092 Lib.
1340 2056 1427 2091 ιιι.
1459 2041 1588 2104 Cap.
1615 2052 1745 2090 xnv.
1780 2045 1974 2116 venusto
1994 2040 2077 2090 vel
2100 2044 2284 2089 uetusto
2317 2038 2434 2091 Pal.
2465 2039 2609 2089 Med.
2634 2054 2718 2104 pr.

511 2105 1575 2237 32⁰³„05253223505'3550‘fflss2s3ffl
1588 2103 2503 2234 12‘23'.⁰¹121¹35‘5²ss‘55‘'?7‘..;..”:⁸m“¹22'²m·
2525 2106 2721 2220 ἕῖιῖῖῖ

514 2246 621 2283 sec.
656 2234 863 2285 Tholas.
896 2237 1020 2286 Var.
1053 2238 1159 2286 LL.
1196 2251 1227 2285 e
1257 2251 1421 2299 marg.
1443 2235 1787 2285 Parm.--502
1819 2250 1929 2284 arce
1947 2240 2115 2298 pateus
2135 2235 2258 2284 Vat.
2298 2248 2403 2284 sec.
2426 2234 2540 2284 Pal.
2562 2235 2721 2285 Farn.

515 2296 681 2352 Oisel.
714 2300 915 2350 Bonon.
954 2300 1056 2350 duo
1081 2299 1258 2352 Ambr.
1295 2301 1422 2351 Excz
1448 2301 1669 2354 Gevart.
1713 2298 1797 2350 ed.
1837 2299 2010 2352 vicet.
2049 2306 2104 2349 et
2127 2298 2305 2349 Parm.
2336 2303 2496 2361 petens
2533 2298 2721 2359 Petu.

515 2377 620 2414 sec.
655 2377 750 2413 uno
772 2379 865 2429 pro
882 2366 992 2415 vivo
1010 2366 1136 2416 Jun.
1160 2379 1240 2430 pr.
1272 2366 1411 2416 unde
1426 2380 1544 2416 unco
1582 2363 1811 2416 faciebat
1831 2364 2019 2416 Heius.
2046 2363 2260 2429 pecteret
2292 2364 2466 2416 Oxou.
2501 2379 2583 2428 pr.
2610 2380 2724 2429 per-

501 2426 643 2487 forat
662 2443 774 2479 arcu
792 2431 920 2480 Exe.
940 2430 1165 2493 Schotti,
1189 2432 1242 2481 in
1265 2430 1453 2497 quibus
1471 2429 1766 2483 Gronovius
1790 2429 2105 2494 ascripserat
2140 2430 2312 2484 locum
2342 2429 2497 2486 Statii
2535 2429 2655 2480 Lib.
2680 2444 2722 2484 1.

514 2490 791 2544 Achilleia.
818 2510 890 2546 vs.
915 2500 1024 2546 106.
1074 2497 1090 2523 ‘
1115 2497 1294 2547 domus
1320 2496 1481 2546 ardua
1514 2502 1746 2545 montem
1767 2493 2015 2548 Perforat
2051 2502 2109 2549 et
2143 2495 2299 2559 longo
2321 2494 2595 2559 suspendit
2621 2496 2722 2545 Pe-

513 2557 620 2608 lion
642 2559 808 2610 arcu!
857 2561 1005 2610 Adra·
1037 2562 1050 2574 ⁶
1102 2577 1158 2611 ue
1180 2576 1355 2612 omnes
1384 2563 1537 2612 Vatt.
1558 2561 1674 2612 Pal.
1700 2561 1853 2612 Fam.
1872 2560 2015 2612 Prie.
2037 2561 2181 2616 Rott.
2205 2560 2368 2612 Oisel.
2395 2558 2722 2625 „admittitque

514 2622 696 2674 Petsv.
720 2639 798 2688 pr.
819 2640 888 2675 m.
909 2641 1014 2677 sec.
1099 2632 1229 2678 oret.
1248 2642 1325 2692 pr.
1348 2627 1508 2677 Gesn.
1545 2633 1604 2676 et
1638 2625 1721 2676 ed.
1760 2626 1973 2690 Bipont.
2013 2623 2282 2691 Amisimus
2313 2641 2446 2682 mam
2476 2626 2599 2679 Jun.
2638 2640 2728 2690 ρι’..

512 2687 639 2738 δῦνε
658 2689 777 2740 Vat.
796 2706 902 2740 sec.
923 2692 1026 2741 uias
1043 2693 1403 2744 'mnam—604
1595 2706 1700 2741 erus
1717 2690 1890 2742 Oxou.
1910 2705 1989 2756 pr.
2005 2691 2231 2744 mames
2252 2692 2378 2744 Vat.
2405 2691 2572 2755 quint.
2593 2690 2727 2746 Put,

514 2752 641 2806 nov.
665 2761 821 2819 atque
843 2757 918 2806 ita
938 2756 1163 2807 malebat
1182 2757 1366 2808 Heius.
1386 2757 1597 2808 minam
1612 2756 1750 2807 Prie.
1775 2755 1921 2808 Med.
1954 2763 2127 2821 quart.
2158 2757 2525 2806 Thelme-505
2543 2755 2722 2821 ‚Apen-

512 2817 2424 2950 ffifflffissssmffissssztstffl21⁰⁰ff1f‘2tss2¹¹⁰ss;32¹.?⁰222
2441 2818 2576 2951 ²1³³?ss
2580 2835 2722 2938 ‘iiii-⁶

514 2945 624 2999 LI...
646 2948 729 2999 ed.
749 2950 910 3002 Antv.
930 2953 1081 3002 undas
1099 2953 1230 3004 Lov.
1263 2967 1374 3002 oros
1390 2953 1474 3003 vel
1505 2954 1611 3004 olas
1632 2953 1713 3002 vel
1733 2963 1865 3002 arces
1897 2950 2069 3003 Oxou.
2090 2921 2333 3018 pn-stfo
2369 2950 2467 3009 Qui
2488 2966 2572 3006 uec
2593 2950 2722 3019 Var-

1517 3140 1731 3193 NOTA-2

516 3263 650 3318 Padi
670 3271 875 3332 aestuat,
904 3273 961 3318 et
979 3274 1096 3334 post
1118 3268 1382 3337 relinquit,
1404 3278 1459 3322 et
1481 3286 1576 3326 nu-

514 3341 613 3391 dat
644 3342 755 3407 ejus
795 3344 951 3409 ripas,
987 3360 1101 3411 quae
1137 3347 1292 3398 modo
1315 3353 1576 3410 tumentes

512 3415 696 3484 fluctu,
716 3420 984 3472 imitantur
1006 3434 1247 3475 accessus
1264 3431 1321 3474 et
1339 3435 1575 3474 recessus

516 3496 722 3548 lunares
744 3499 918 3549 maris.

579 3578 676 3624 500
696 3575 828 3625 Fauo
843 3576 1079 3641 Fortuna]
1094 3578 1291 3628 Fanum
1307 3579 1577 3642 Fortunae,

510 3650 763 3714 oppidum
787 3667 888 3702 non
907 3654 1058 3717 longe
1074 3654 1138 3705 ab
1158 3654 1289 3706 urbe
1307 3656 1573 3706 Ravenna.

513 3725 684 3791 Hujus
713 3728 850 3778 urbis
870 3731 1106 3780 meminit
1126 3732 1370 3783 Aurelius
1392 3733 1579 3783 Victor

512 3801 570 3854 in
593 3800 892 3869 Aureliano,
935 3806 1024 3870 qui
1061 3805 1192 3858 vicit
1222 3808 1238 3836 ‘
1270 3808 1432 3872 juxta
1471 3824 1576 3859 am·

510 3893 631 3930 nem
646 3880 959 3943 Metaurum,
978 3897 1038 3931 ac
1061 3883 1259 3934 Fanum
1282 3886 1527 3936 Fortuna».
1543 3884 1579 3935 τ’

510 3955 633 4007 hinc
656 3958 897 4008 Vitruvio
933 3959 1125 4010 dicitur
1157 3963 1173 3991 ‘
1199 3963 1415 4014 Colonia
1433 3964 1577 4016 Julia

513 4033 812 4088 Fanestris?

575 4115 670 4161 501
721 4111 1026 4177 Despieitur]
1078 4115 1159 4164 Ex
1214 4117 1401 4168 altiore
1457 4118 1575 4168 loco

511 4195 804 4254 spectatur.

574 4266 830 4332 Proerupta
850 4269 993 4335 calte]
1013 4270 1171 4321 Valle
1186 4271 1325 4323 saxis
1339 4241 1573 4339 praerup·

1657 3271 1725 3323 tis
1749 3278 1807 3324 et
1825 3272 2113 3326 minacibus
2135 3279 2385 3328 scatente.

1720 3350 1996 3415 Metaurus]
2048 3352 2262 3401 Fluvius
2292 3349 2525 3401 Umbriae
2568 3364 2628 3401 se
2665 3350 2720 3400 in

1655 3427 1821 3477 sinum
1844 3426 2165 3482 Adriaticum
2188 3441 2495 3491 exonerans,
2525 3425 2720 3478 Asdru-

1657 3503 1786 3555 balis
1819 3506 1966 3556 clade
2006 3504 2211 3556 nobilis.
2294 3504 2436 3554 Hinc
2477 3502 2720 3555 Sidonius

1655 3580 2006 3645 Apollinaris:
2064 3581 2081 3610 ‘
2120 3582 2398 3646 Improbus
2438 3588 2497 3632 ut
2535 3582 2720 3633 rubeat

1655 3658 1917 3709 Barchina
1936 3660 2082 3710 caede
2104 3658 2417 3710 Metaurus!

1719 3739 1818 3785 502
1851 3736 2016 3799 Mons]
2037 3735 2268 3800 Apertus
2285 3741 2368 3785 est
2385 3749 2510 3785 arcu
2526 3733 2720 3800 partim

1654 3811 1851 3875 nativo,
1887 3813 2074 3875 partim
2094 3819 2209 3861 arte
2231 3811 2394 3875 facto,
2432 3812 2611 3876 sicque
2635 3826 2718 3862 ars

1657 3895 1711 3937 ct
1733 3896 1915 3937 natura
1937 3888 2090 3937 simul
2112 3888 2406 3953 conjunctae
2431 3895 2568 3938 suut.

1720 3970 1818 4015 506
1853 3966 2108 4030 Clitumni]
2139 3965 2243 4015 Hic
2257 3963 2445 4015 fluvius
2459 3964 2719 4015 Mevauiae

1656 4041 1709 4091 in
1747 4042 1982 4107 Umbria,
2025 4042 2173 4109 cujus
2219 4041 2363 4092 fluvii
2403 4056 2540 4107 aqua
2593 4048 2721 4107 pota

1656 4120 1904 4172 candidos
1948 4121 2108 4171 boves
2152 4119 2375 4172 reddere
2429 4113 2723 4185 dicebatur,

1655 4196 1774 4246 ideo
1795 4197 1992 4249 dilecta
2013 4195 2472 4263 triumphantibus,
2492 4194 2584 4262 qui
2608 4203 2720 4247 tau·

1655 4287 1740 4324 ros
1777 4280 1835 4324 et
1856 4288 2017 4341 equos
2038 4273 2185 4326 albos
2206 4271 2491 4338 eligebant,
2526 4273 2619 4325 hos
2650 4273 2718 4325 ad
