3034 4934
521 387 698 457 1272

522 548 671 599 hoste
708 545 823 597 initi
860 545 1271 596 convinceretur.
1351 542 1589 591 Noverat

521 626 622 677 hoc
644 624 1002 676 callidissimus
1038 623 1421 685 Imperatorum
1444 618 1590 668 Han·

523 703 684 767 nibal,
701 702 786 767 qui
810 716 925 751 cum
948 698 1167 748 flammis
1184 696 1355 747 omnia
1379 697 1483 745 late
1501 695 1588 743 de·

522 778 707 841 disset,
735 776 880 827 villas
924 775 1073 825 Fabii
1103 774 1325 823 intactas
1361 770 1588 835 reliquit,

522 870 626 919 quo
683 861 979 918 suspectum
1036 851 1282 902 Romanis
1322 847 1587 899 redderet.

522 933 592 983 D.
616 932 791 981 Heius.
1041 989 1048 998 Ι

587 1012 654 1058 72
693 1009 800 1057 Noa
841 1007 1047 1068 abnegat
1099 1002 1300 1067 nouem]
1365 1004 1586 1052 Lucens.

524 1083 744 1149 Gyrald.
765 1085 918 1148 prim.
949 1082 1123 1131 Vatic.
1161 1087 1217 1130 et
1237 1085 1460 1144 quatuor
1482 1077 1589 1140 alii,

520 1160 688 1211 abnuit
704 1178 722 1211 .-
746 1175 868 1210 vere
890 1176 903 1209 t
927 1155 1584 1222 itaVirgilius‚Silius,Val.

521 1238 756 1299 Flaccus,
772 1236 859 1285 alii
877 1250 1017 1299 saepe
1034 1252 1046 1284 ι
1066 1235 1284 1283 alterum
1303 1232 1585 1295 glossema:

520 1320 701 1363 noster
714 1313 808 1362 lib.
826 1327 890 1362 ιι.
904 1313 972 1362 de
990 1314 1149 1376 Rapt.
1171 1311 1187 1338 ‘
1210 1309 1448 1373 vincique
1467 1320 1586 1356 suos

522 1405 627 1440 non
651 1390 845 1441 abnuat
883 1388 1090 1439 hortos.’
1158 1388 1311 1437 Cous.
1346 1385 1486 1435 Hou.
1508 1397 1588 1433 v1.

522 1468 538 1494 ⁸
555 1466 741 1517 Fucati
763 1467 1008 1516 sermonis
1031 1478 1183 1529 opem
1215 1477 1360 1513 mens
1384 1459 1590 1511 conscia

519 1541 688 1592 laudis
712 1541 946 1593 Abnuit.'
992 1541 1171 1592 Laude
1191 1540 1434 1590 Serenae:
1472 1537 1592 1586 ‘In-

524 1633 627 1683 que
644 1633 762 1668 suos
802 1621 1024 1683 migrare
1066 1619 1228 1668 virum
1271 1631 1370 1665 non
1408 1613 1590 1665 abnuit

522 1694 722 1745 annos!
801 1696 907 1744 Ubi
946 1696 1132 1745 eodem
1166 1693 1322 1744 modo
1367 1697 1590 1757 peccant

523 1771 758 1821 nonnulli
781 1772 1008 1821 codices.
1041 1772 1189 1821 Idem.

589 1852 654 1898 74
683 1847 894 1911 Vicibus]
911 1849 1065 1898 Ultro
1081 1849 1338 1911 citroque,
1350 1845 1590 1906 vicissim,

526 1938 622 1987 per
644 1939 795 1988 pares
818 1926 972 1974 vices.
1005 1925 1181 1974 Barth.

590 2004 831 2053 Permissa
866 2004 1096 2067 potestus]
1146 2002 1361 2052 Rectius
1378 2000 1593 2062 facultas

525 2081 746 2132 Lucens.
769 2090 823 2131 et
843 2083 1062 2146 Gyrald.
1080 2096 1197 2131 cum
1219 2096 1297 2144 pr.
1315 2080 1436 2130 Vat.
1477 2078 1591 2128 Lib.

526 2172 591 2208 ιι.
618 2159 684 2208 de
727 2160 883 2224 Rapt.
916 2161 994 2209 cui
1026 2165 1164 2209 tanta
1183 2160 1401 2217 facultas
1435 2157 1497 2206 Ιιι
1518 2174 1593 2208 me

522 2238 757 2285 eoevits‘ae:
791 2237 875 2285 ubi
901 2238 1065 2299 plura.
1099 2238 1169 2287 D.
1194 2237 1366 2285 Heius.

587 2316 655 2362 ⁷6
670 2313 894 2375 stipatur
902 2313 1066 2375 sociis]
1087 2314 1226 2373 Lege
1239 2312 1459 2375 stipatus
1472 2328 1588 2361 cnm
1616 2318 1629 2325 “

524 2389 713 2453 Isingr.
733 2391 881 2453 prim.
902 2391 1074 2439 Vatic.
1087 2398 1142 2439 et
1159 2389 1433 2439 duodecim
1450 2389 1589 2438 aliis:

523 2472 586 2516 ut
603 2467 952 2530 superioribus
966 2467 1079 2517 haec
1096 2467 1387 2516 cohaereant
1406 2482 1420 2516 ι
1455 2467 1592 2515 male

526 2543 677 2606 vulgo
700 2543 1097 2607 distinguuntur.
1129 2544 1280 2593 Idem.

589 2623 655 2669 76
688 2621 892 2670 Armate
924 2622 1145 2671 clientum
1189 2621 1420 2684 Agmina]
1486 2620 1589 2670 Po-

523 2697 744 2748 tentiam
767 2699 985 2748 hominis
1002 2699 1188 2764 impuri
1209 2701 1414 2764 privata
1430 2699 1589 2762 majo·

523 2787 634 2825 rem
656 2775 871 2825 inducit.
936 2775 1130 2840 Stipati
1151 2776 1290 2825 enim
1312 2774 1587 2825 clientibus

505 2851 837 2902 incedebant
856 2853 1131 2917 principes,
1148 2852 1234 2917 qui
1248 2866 1343 2901 nec
1363 2867 1393 2900 a
1408 2851 1589 2901 seden-

523 2928 663 2978 tibus
687 2929 920 2979 aberant.
953 2930 1132 2979 Barth.

587 3008 654 3054 79
690 3006 899 3056 Revocat
915 3004 1082 3067 fravas
1119 3007 1171 3054 ιἰι
1196 3011 1384 3070 pectore
1416 3002 1588 3067 vestes]

522 3081 727 3130 Pectora
759 3083 907 3146 prim.
946 3084 1123 3132 Vatic.
1166 3083 1307 3147 prior
1347 3083 1493 3133 Leid-
1533 3088 1590 3131 et

501 3171 652 3207 *unus
696 3159 885 3207 Petav.
931 3173 1050 3207 cum
1091 3158 1462 3222 Pomponianis
1499 3171 1589 3208 ex-

517 3235 718 3300 cerptis
749 3240 807 3284 et
838 3234 1106 3285 Oiseliano
1129 3235 1295 3284 libro:
1331 3233 1588 3298 quomodo

521 3319 578 3362 et
601 3312 866 3363 Cluverius
889 3326 954 3361 ex
978 3326 1071 3361 suo
1107 3310 1259 3373 libro,
1293 3316 1349 3361 et
1371 3324 1438 3359 ex
1468 3324 1589 3359 con-

511 3388 728 3454 jectura
780 3389 1045 3439 Barthius.
1122 3388 1295 3452 Silius,
1346 3388 1437 3438 lib.
1482 3400 1586 3437 xn.

501 3469 536 3510 .‘
561 3473 808 3516 revocate
842 3466 896 3515 in
936 3474 1153 3530 pectora
1191 3465 1426 3529 Cannas,'
1467 3480 1587 3515 cum

521 3546 720 3609 optimo
777 3544 978 3596 codice.
1065 3546 1285 3608 Statius,
1338 3543 1506 3593 Theb.
1547 3558 1586 3593 1.

505 3620 538 3662 ·‘
555 3621 708 3670 Palla
725 3627 782 3671 et
810 3622 1021 3671 caerulei
1045 3620 1267 3671 redeunt
1291 3622 1343 3669 in
1370 3627 1586 3684 pectora

519 3696 646 3746 nodi
664 3696 695 3745 ε’
745 3699 1001 3761 quomodo
1027 3698 1388 3761 castigatiores
1426 3710 1585 3746 mem·

524 3773 734 3825 branoe:
788 3789 889 3824 non
921 3781 1124 3838 pectore.
1206 3776 1357 3825 Idem
1394 3776 1480 3824 lib.
1522 3787 1585 3823 ιι.

525 3849 541 3882 ⁴
560 3850 844 3914 cervixque
870 3858 1084 3916 recepto
1122 3852 1380 3915 Sanguine
1402 3865 1587 3915 magna

505 3926 677 3992 sedit,
728 3926 1013 3993 fractaeque
1058 3930 1110 3977 in
1156 3935 1374 3993 pectora
1424 3929 1588 3978 vires:

518 4004 610 4054 lib.
633 4018 687 4054 V.
722 4006 737 4032 ‘
752 4005 907 4054 nullae
940 4005 1163 4055 redeunt
1187 4006 1238 4054 in
1260 4006 1447 4069 gaudia
1469 4021 1587 4057 noc·

521 4085 638 4130 tes.
625 4079 659 4109 ·’
693 4088 749 4132 et
775 4090 978 4145 postea,
1025 4080 1362 4132 ‘redeuntem
1402 4085 1455 4133 in
1495 4099 1585 4148 po·

498 4156 640 4210 ιαιΙα
660 4158 977 4210 Bacchumz’
1007 4163 1063 4206 et
1087 4158 1340 4224 deinde,‘
1364 4161 1585 4212 redeunt

518 4234 572 4284 in
598 4240 810 4297 pectora
833 4250 1026 4288 sexus:
1020 4234 1156 4284 'lib.
1198 4249 1322 4288 vm.
1355 4239 1583 4304 ‘cuique

503 4325 627 4367 mure
650 4309 889 4362 rediere
875 4328 929 4363 ιιι
944 4318 1162 4377 pectora
1175 4314 1367 4366 curae-⁸
1397 4314 1485 4366 lib.
1502 4330 1583 4369 rx.

510 4394 528 4438 ⁴.
552 4389 763 4455 Oraque
782 4395 838 4443 et
859 4389 1098 4446 abscissae
1128 4390 1387 4446 redeunt·
1370 4409 1427 4447 ιιι
1451 4408 1579 4460 pec.

923 400 1140 451 NOTAE
1191 395 1593 447 vammum
1622 393 1721 444 ιιι
1768 396 1886 444 ei..
1931 379 2209 444 chaun.
2259 393 2326 441 v.

1663 544 1781 589 tora
1801 537 2045 589 dextrae?
2081 538 2154 588 D.
2176 538 2350 592 Heius,
2524 553 2535 564 ·

1726 615 1959 679 Remeat]
1993 616 2229 679 Rufinus,
2252 623 2315 668 ut
2330 613 2552 680 gratiam
2570 628 2603 664 a
2620 611 2730 665 Ge·-

1665 692 1732 744 tis
1754 694 1915 758 ineat,
1938 709 2115 744 eorum
2137 694 2371 744 habitum
2388 694 2644 743 imitatur.

1727 770 1906 844 Pelles]
1941 773 2092 821 More
2114 778 2273 836 atque
2287 770 2471 821 babitu
2493 769 2730 835 gentiam

1657 849 2157 911 Septentrionalium
2200 846 2316 897 fere
2355 848 2607 908 omnium,
2654 844 2725 894 ob

1656 924 1866 990 frigoris
1888 926 2297 976 vehementiam
2283 941 2337 976 ιιι
2358 925 2486 975 locis
2509 924 2731 989 patriis·

1658 1001 1797 1052 unde
1819 1002 2024 1052 habitus
2040 1017 2311 1067 moresque
2335 1016 2455 1051 suos
2471 999 2727 1050 Romanis

1658 1079 1940 1143 provinciis
1972 1079 2274 1141 intulerunt,
2295 1093 2326 1127 a
2353 1077 2574 1127 ducibus
2604 1075 2732 1140 ipsis

1662 1154 1890 1205 imitatos
1911 1170 2005 1218 per
2021 1155 2339 1217 vecordiam,
2364 1159 2424 1203 ut
2446 1153 2513 1203 de
2537 1150 2731 1202 Rufino

1661 1233 1853 1296 ingerit
1890 1232 2228 1282 Claudianus.
2295 1231 2457 1283 Ovid.
2503 1230 2595 1279 lib.
2636 1241 2732 1279 ιιι.

1659 1308 1923 1372 Tristium,
1946 1310 2093 1374 Eleg.
2116 1323 2171 1359 x.
2208 1311 2223 1337 ‘
2248 1308 2477 1359 Pellibus
2502 1313 2560 1356 et
2599 1306 2733 1356 sutis

1661 1394 1843 1436 arcent
1861 1388 1998 1436 mala
2032 1386 2229 1451 frigora
2256 1384 2479 1445 braccis,
2514 1383 2733 1448 Oraque

1663 1463 1730 1513 de
1754 1472 1863 1515 toto
1882 1479 2103 1528 corpore
2127 1466 2236 1514 sola
2259 1461 2476 1528 patent?
2510 1460 2698 1512 Barth·

1728 1547 1790 1592 81
1826 1544 2110 1608 Aesimum]
2139 1543 2337 1606 scripti
2374 1539 2613 1590 nonnulli
2638 1537 2732 1588 As-

1660 1618 1839 1669 sinim
1893 1634 2010 1668 cum
2049 1619 2294 1670 Barthio.
2349 1632 2471 1666 mox
2527 1620 2734 1664 testatur

1661 1697 1841 1747 amictu
1857 1711 1959 1746 non
1981 1698 2183 1747 amictus
2203 1693 2424 1760 Gyrald.
2457 1699 2516 1742 et
2551 1691 2730 1741 Oxou.

1664 1775 1805 1840 quod
1827 1782 1885 1825 et
1905 1775 2150 1823 Barthius
2173 1773 2336 1823 vidit:
2372 1770 2466 1819 sed
2489 1768 2630 1819 curis
2649 1781 2732 1817 se-
2792 1829 2802 1839 ἱ

1664 1851 1849 1900 cundis
1880 1850 2162 1900 damnavit.
2213 1851 2432 1899 Lucens.
2466 1847 2732 1910 proclamat

1626 1929 1856 1992 tuma.
1895 1927 2174 1978 D.Heins.

1730 2006 2031 2069 Mentemque
2057 2006 2218 2069 pulum
2256 2006 2463 2052 testatur
2500 1996 2730 2061 melus]

1664 2086 1781 2138 Jan.
1805 2085 2050 2136 Gulielm.
2064 2083 2307 2134 Verisim.
2328 2080 2420 2131 lib.
2442 2094 2481 2129 1.
2506 2082 2733 2142 cap.15.

1666 2164 1883 2213 Barba·
1870 2178 1933 2212 1ae
1956 2161 2234 2222 faventem,
2256 2156 2597 2223 proditricem
2628 2157 2734 2205 Ro·

1663 2242 1802 2291 mani
1821 2239 2054 2304 Imperii.
2085 2237 2262 2288 Barth.

1729 2323 1793 2367 82
1828 2320 1931 2368 Nec
1946 2316 2116 2380 pudet]
2150 2315 2239 2365 Nil
2264 2314 2439 2364 Oxou.
2469 2318 2531 2361 ut
2569 2261 2731 2362 Ovid.

1661 2396 1787 2445 ‘Nil
1826 2395 1990 2459 pudet
2027 2392 2213 2442 huncz’
2247 2405 2343 2454 pro
2372 2403 2539 2438 currus
2581 2389 2733 2437 Auso·

1662 2471 1765 2521 nius
1815 2476 2053 2535 regentem
2088 2467 2369 2518 Fornerius
2415 2465 2599 2529 reponi
2632 2478 2730 2518 .ve-

1663 2550 1726 2600 lit
1749 2550 1987 2599 Ausonias
1997 2562 2135 2598 curus
2148 2563 2165 2595 .·
2199 2544 2409 2594 minime
2420 2542 2730 2592 audiendus.

1661 2626 1730 2677 D.
1754 2626 1926 2676 Heius.

1724 2704 1960 2752 Ausonios
1979 2698 2164 2763 curras]
2208 2698 2421 2748 Carales.
2456 2696 2580 2745 Non
2603 2707 2730 2744 vero

1661 2779 1987 2831 concluditur
2021 2774 2517 2827 hinc-Consularem
2551 2777 2729 2835 potes-

1660 2865 1824 2909 tatem
1859 2859 2100 2907 sumsisse
2137 2853 2379 2905 Rufinum
2400 2854 2455 2901 iu
2484 2865 2604 2901 eum
2641 2855 2730 2900 an·'

1661 2952 1800 3000 num,
1820 2950 1937 2985 cum
1961 2935 2095 2984 illius
2115 2931 2355 2997 potentis
2373 2936 2523 2978 tanta
2541 2926 2727 2989 fuerit,

1663 3019 1721 3062 ut
1733 3025 1908 3061 omnes
1923 3010 2255 3074 magistratus
2274 3005 2371 3056 sub
2389 3019 2444 3054 se
2458 3003 2725 3065 habuerit,

1661 3090 1840 3154 itaque
1864 3102 2075 3151 regnum
2099 3086 2254 3136 etiam
2291 3083 2436 3148 quasi
2459 3082 2526 3131 de
2555 3081 2726 3145 proxi·

1661 3180 1745 3216 mo
1780 3164 2063 3216 affectavit.
2132 3161 2382 3227 Loquitur
2416 3165 2591 3209 autem
2631 3172 2727 3223 per

1659 3243 1845 3293 curules
1892 3241 1958 3291 de
2002 3239 2140 3291 omni
2185 3239 2421 3290 Romano
2474 3235 2728 3301 Imperio,

1661 3320 1782 3386 quia
1804 3324 1979 3369 stante
2003 3315 2292 3380 Republica
2312 3313 2486 3379 (cujus
2503 3311 2726 3361 formam

1659 3397 1713 3446 in
1733 3410 1966 3447 sermone
1991 3407 2198 3456 semper
2228 3391 2467 3455 sequitur
2485 3387 2726 3440 Claudia-

1660 3487 1775 3535 nus,
1790 3473 1951 3536 juxta
1970 3468 2108 3535 quod
2122 3469 2280 3518 etiam
2296 3466 2419 3516 alibi
2436 3466 2531 3524 ait,
2564 3466 2582 3495 ‘
2598 3480 2728 3516 nnn-

1661 3564 1811 3615 quam
1852 3547 2068 3598 libertas
2103 3545 2300 3609 gratior
2340 3549 2515 3592 exstat
2553 3545 2725 3594 Quam

1659 3628 1755 3678 sub
1774 3628 1916 3690 Rege
1934 3627 2023 3690 pio
2036 3623 2092 3688 '),
2114 3637 2365 3673 summum
2377 3622 2516 3671 inter
2532 3634 2598 3669 ea
2610 3626 2728 3689 erat

1659 3705 1872 3765 Curule,
1895 3700 2201 3752 Consulatus
2224 3698 2479 3747 nimirum.
2514 3697 2724 3747 Catulis

1657 3781 2006 3845 magistratus,
2025 3776 2189 3826 omnis
2208 3775 2391 3839 major,
2424 3772 2547 3837 quia
2564 3772 2741 3848 mino--

1657 3857 1800 3907 ribus
1828 3857 1918 3920 jus
1953 3868 2056 3903 non
2093 3859 2209 3901 erat
2239 3865 2396 3900 curru
2436 3850 2490 3898 in
2522 3848 2724 3899 curiam

1644 3934 1793 3997 sebi,
1835 3932 1927 3981 sed
1965 3929 2186 3994 pedibus
2212 3928 2445 3987 itabant;
2490 3926 2630 3977 unde
2668 3934 2726 3975 et

1658 4010 1859 4076 pedarii
1897 4006 2127 4071 oppositi
2168 4005 2268 4054 illis
2303 4002 2723 4066 appellabantur.

1656 4086 1790 4138 Vide
1806 4100 1920 4151 quae
1944 4098 2012 4132 ex
2033 4081 2204 4132 Gabio
2224 4081 2387 4129 Basso
2407 4077 2593 4129 refert
2599 4078 2724 4130 Gel-

1655 4166 1769 4226 lius,
1791 4163 1882 4211 lib.
1902 4174 1988 4210 ιιι.
2013 4173 2127 4221 cap.
2153 4162 2232 4206 18.
2278 4156 2458 4205 Barth.

1668 4239 1827 4288 Nec
1850 4239 2015 4301 pudet
2031 4234 2263 4283 Ausonios
2293 4248 2477 4294 curras,
2497 4231 2604 4297 qva]
2634 4189 2720 4282 Li-

1654 4267 1743 4369 cet
1752 4316 1915 4372 sciam
1927 4313 2196 4375 eleganter
2209 4310 2273 4359 de
2286 4307 2457 4360 officio
2468 4295 2721 4364 Psaefecti

1651 4392 1927 4448 Pretorio,
1948 4386 2381 4453 intelligendum,²
2391 4392 2565 4438 tamen
2602 4384 2708 4436 Ms-
