3034 4934
528 388 703 456 lw

527 562 636 598 nuo
670 548 790 598 loco
810 548 1144 609 lamentatur,
1175 547 1459 597 acerrimus
1486 545 1601 609 ejas

531 626 715 687 bostis,
738 626 954 675 Seneca.
1021 625 1200 675 Barth.
1580 643 1589 662 ¹

599 706 697 753 248
734 701 902 767 Effera
919 700 1222 765 torquebant]
1243 700 1442 765 Supra:
1474 703 1491 728 4
1515 698 1603 749 Ef-

534 778 649 830 fera
684 779 997 844 praetumido
1028 778 1297 843 quatiebat
1332 778 1493 829 corda
1522 777 1602 827 fn-

537 857 695 908 rore!
755 858 875 909 Jam
899 871 1024 906 vero
1043 856 1313 905 avaritiam
1335 856 1493 905 etiam
1516 869 1604 904 cn·

537 935 764 983 mularat
796 933 1110 982 crudelitate
1133 939 1188 983 et
1211 931 1475 996 sauguinis
1496 932 1604 983 siti.

571 1091 673 1138 244
693 1085 944 1151 Effugere-t
962 1101 1021 1136 ae
1035 1087 1142 1150 quis
1155 1086 1364 1150 gladios]
1383 1084 1605 1137 Gladius

539 1173 596 1216 et
607 1162 804 1214 ferrum
829 1163 964 1212 idem
990 1153 1129 1227 apud
1144 1164 1243 1215 JC.
1269 1165 1494 1214 Luemo
1517 1177 1607 1226 po-

542 1248 665 1293 test.
684 1240 739 1292 ff.
757 1241 827 1292 de
851 1243 979 1306 Reg.
1010 1243 1123 1294 Jur.
1143 1249 1199 1291 et
1215 1242 1303 1307 qui
1326 1242 1391 1292 ad
1413 1241 1607 1292 serrum

542 1318 839 1379 damnatur,
861 1317 924 1366 ad
949 1318 1177 1381 gladium
1214 1318 1444 1367 damnari
1482 1317 1609 1367 dici·

543 1403 668 1444 tur:
713 1395 910 1445 Paulus
935 1394 1027 1446 lib.
1066 1409 1118 1444 v.
1153 1400 1289 1444 sent.
1313 1396 1396 1444 tit.
1433 1399 1515 1444 17.
1554 1400 1610 1443 et

537 1474 560 1522 ,4
585 1470 761 1534 gladio
798 1470 1005 1534 puniri.’
1028 1470 1062 1521 i.
1084 1472 1298 1534 capitali
1335 1476 1610 1522 sententia.

545 1549 605 1597 1..
628 1552 722 1598 aut
740 1546 998 1596 damnum.
1039 1548 1201 1610 princ.
1240 1545 1294 1598 ff.
1323 1548 1390 1597 de
1431 1548 1612 1611 poenis.

545 1623 773 1673 Salvian.
797 1624 828 1673 l.
851 1638 953 1673 vn.
1000 1626 1014 1652 4
1041 1623 1215 1686 gladio
1238 1623 1613 1685 impudicitiam

547 1713 797 1749 exercere
813 1698 848 1748 ε’
883 1715 997 1764 quae
1017 1701 1176 1749 verba
1195 1707 1315 1749 sunt
1349 1703 1405 1751 L.
1440 1715 1615 1765 quam-

547 1778 626 1826 vis
658 1781 709 1828 2.
746 1777 805 1828 C.
835 1778 903 1826 ad
937 1778 1108 1841 legem
1147 1777 1339 1829 Juliam
1375 1777 1440 1826 de
1474 1779 1618 1827 adnl-

547 1855 724 1905 teriis:
752 1869 922 1920 neque
960 1854 1216 1904 omiserim
1238 1854 1618 1918 ignominiosio-

554 1946 664 1983 rem
710 1937 767 1982 et
809 1932 1097 1996 graviorem
1142 1945 1347 1995 poenam

548 2008 796 2059 leviorem
816 2008 1005 2071 gladii:
1029 2021 1189 2072 qnare
1207 2008 1495 2070 Caracalla,
1517 2009 1617 2057 Pa-

551 2086 763 2148 piniano
786 2085 955 2136 securi
978 2099 1240 2149 percusso,
1271 2085 1447 2135 lictori
1467 2085 1621 2148 dixit,

552 2166 568 2191 ‘
598 2161 770 2224 gladio
791 2177 960 2213 meum
977 2163 1180 2226 jussum
1203 2163 1391 2227 exequi
1414 2169 1622 2227 oporte·

553 2237 684 2288 bat!
715 2239 974 2302 spartian.
995 2240 1050 2288 in
1072 2254 1133 2288 eo
1157 2245 1213 2288 et
1234 2240 1286 2288 in
1304 2240 1460 2289 Geta.
1484 2240 1621 2289 Vide

554 2313 799 2363 Juvenal.
821 2315 932 2364 Sat.
955 2328 1079 2364 vm.
1119 2314 1251 2365 fine:
1300 2322 1356 2364 et
1385 2316 1530 2365 Serv.
1554 2316 1622 2365 ad

559 2404 636 2438 vt.
657 2390 861 2441 AEueid.
884 2390 1219 2457 ‘Saevumqne
1237 2406 1406 2442 securi
1427 2393 1624 2457 Aspice

553 2465 912 2531 Torquatum?
958 2469 1183 2532 Dempot.

543 2585 553 2593 .
644 2543 724 2593 Νι
755 2546 976 2609 perderet
1011 2546 1182 2609 unum]
1230 2546 1498 2612 Tanquam
1554 2547 1628 2596 lu-

540 2634 705 2685 crum
747 2620 956 2686 aliquod
989 2623 1048 2672 in
1093 2623 1294 2673 caedum
1330 2624 1627 2687 patratione

557 2699 772 2750 habens.
856 2700 944 2750 Ita
974 2704 1205 2766 perdendi
1240 2703 1399 2752 verbo
1434 2703 1626 2766 soepins

559 2781 777 2827 utuntur
812 2778 997 2841 optimi
1030 2779 1330 2843 scriptores.
1409 2780 1630 2842 Statius,

556 2852 595 2902 1.
616 2863 671 2902 ν.
693 2852 817 2902 silv.
864 2854 881 2881 4
904 2867 970 2903 ne
993 2855 1241 2918 perderet
1269 2857 1427 2905 ullum
1451 2856 1629 2905 Liber·

561 2934 643 2978 tas
665 2935 769 2979 tam
788 2943 950 2993 parva
983 2930 1155 2981 diem.’
1221 2932 1392 2981 Libido
1412 2947 1514 2982 non
1537 2932 1631 2981 mi·

558 3019 658 3055 nus
699 3006 753 3055 in
784 3006 1015 3058 caedibus
1034 3014 1116 3057 est
1138 3023 1293 3072 quam
1331 3008 1518 3073 opibus
1540 3015 1630 3059 aut

560 3081 854 3144 voluptate.
944 3082 1240 3133 Arnobiusz
1294 3085 1310 3112 ‘
1353 3084 1631 3134 libidinose

479 3173 482 3176 ’
560 3155 782 3207 hominis
805 3156 1052 3207 inhiatum
1078 3167 1161 3208 est
1182 3161 1390 3210 cruori.'

627 3235 724 3281 245
757 3231 998 3296 Augusto]
1032 3232 1278 3284 Arcadio.

548 3353 556 3361 ,
632 3307 971 3372 Nonfleott'tur
992 3310 1152 3359 annis.-
1186 3312 1298 3360 Non
1317 3316 1459 3362 oetute
1479 3312 1634 3377 habat]

563 3384 753 3451 Neque
768 3386 993 3450 juventa
1028 3401 1197 3453 neque
1234 3396 1449 3441 senecta
1469 3398 1635 3441 oetate

563 3461 710 3513 furor
762 3463 1028 3529 caedisque
1092 3465 1310 3516 aviditas
1375 3475 1634 3517 movetur.

565 3539 748 3590 Barth.

632 3620 731 3678 24⁶(
761 3617 893 3668 Ante
910 3624 1100 3682 patrum
1120 3619 1300 3682 uultus]
1339 3620 1453 3670 Hoc
1476 3620 1635 3669 maxi-

566 3706 706 3742 mum
729 3694 1055 3744 crudelitatis
1085 3698 1379 3759 exemplum
1400 3697 1637 3760 Virgilia-

567 3782 666 3817 nus
705 3769 945 3832 Priamus
971 3772 1084 3836 jam
1125 3774 1404 3822 moriturus
1425 3787 1528 3822 non
1562 3780 1637 3823 ta-

566 3855 686 3892 men
730 3844 983 3896 abstinuit
1035 3850 1240 3913 Pyrrho
1282 3851 1632 3914 exprobraret

568 3920 586 3946 ‘
620 3918 715 3969 Dii
774 3919 954 3971 debita
995 3924 1216 3974 reddant
1264 3928 1505 3990 Praemia,
1549 3930 1637 3993 qui

568 3996 679 4045 nati
694 4010 866 4048 coram
879 4012 962 4047 me
979 4014 1191 4051 cernere
1212 4004 1406 4053 lethum
1431 4006 1639 4069 Fecisti,

570 4079 631 4123 et
662 4075 861 4137 patrios
903 4074 1106 4126 foedasti
1144 4081 1392 4143 sunguine
1431 4082 1639 4132 vultus!

575 4150 683 4199 Ubi
736 4152 1067 4211 atrocitatem
1111 4156 1343 4206 ,maxime
1377 4158 1641 4222 exprimit,

520 4264 524 4268 .
572 4225 731 4288 quod,
755 4226 1064 4277 observante
1091 4229 1291 4292 Servio,
1312 4246 1415 4281 non
1450 4233 1516 4283 de
1540 4250 1641 4286 cas·

575 4300 644 4350 de
666 4302 761 4353 sed
793 4303 861 4355 de
882 4308 1181 4370 spectaculo
1201 4315 1509 4374 querentem
1542 4312 1646 4363 Pa·

1407 1932 1621 1994 securis,
1638 1963 1649 1968 -

895 403 1114 454 1101·AE
1161 399 1571 453 VARIORUH
1620 399 1702 451 IN
1748 400 1870 450 ot.
1916 400 2195 452 omun-
2242 400 2361 450 ΙΙΙ.

1672 550 1809 596 trem
1828 543 2051 595 inducit.
2092 545 2262 595 Iden.
2438 567 2447 570 ·

1674 651 1681 660 ·
1740 626 1839 672 248
1893 622 2005 671 lent
2041 624 2325 683 granam
2362 626 2477 673 neto
2512 622 2748 676 ασθαι

1674 699 1931 763 superstes]
1977 700 2440 749 sceleratissimum
2477 702 2597 763 boc,
2632 708 2746 751 tm

1680 792 1774 826 sna
1796 784 1996 840 natura,
2032 785 2138 826 tum
2156 778 2276 826 ideo
2311 779 2469 826 etiam
2492 779 2748 829 rebantur

1679 855 1914 916 Romani,
1953 854 2091 918 quod
2112 854 2345 903 ordinem
2374 853 2607 903 fatorum
2624 853 2747 904 eum

1680 930 1942 990 facerent,
1980 939 2038 980 ut
2076 939 2222 994 pater
2260 931 2374 980 sine
2419 931 2645 980 turbatis
2684 931 2750 980 iis

1682 1023 1784 1059 non
1794 1017 1979 1072 posset
1994 1016 2115 1057 aute
2137 1007 2298 1057 filium
2316 1008 2492 1068 obire;
2522 1021 2751 1072 eumque

1679 1087 1892 1135 ordinent
1926 1084 2133 1147 turbari,
2171 1083 2496 1147 superiorum
2539 1098 2753 1132 snorum

1685 1163 1873 1213 nedum
1895 1162 2152 1213 bominum
2173 1163 2384 1212 crimen·
2398 1162 2754 1225 appellabat.

1684 1240 1956 1303 Papinius,
1973 1241 2010 1289 l.
2035 1254 2087 1289 v.
2103 1240 2304 1303 Sylvar.
2319 1245 2369 1287 5.
2392 1240 2410 1267 4
2427 1239 2623 1288 Nonne
2637 1239 2756 1286 lior-

1682 1317 1827 1367 ridus
1841 1317 1981 1381 ipsos
1998 1316 2203 1367 Invidia
2221 1330 2436 1379 superos
2454 1317 2759 1379 injustaque

1684 1393 1907 1445 Tartara
1941 1395 2170 1458 pulsem?
2222 1395 2409 1444 Nonne
2443 1407 2652 1456 gemam
2676 1398 2757 1455 te,

1688 1487 1809 1522 care
1824 1471 2000 1536 puer?
2050 1472 2200 1521 Idem.

1753 1554 1851 1599 249
1886 1549 2006 1597 Post
2042 1547 2230 1596 trabeas
2260 1546 2398 1609 exat]
2445 1501 2760 1595 Consulares

1690 1627 1831 1675 viros
1883 1626 1935 1673 in
1988 1623 2196 1672 exilium
2242 1623 2420 1685 pulsos
2458 1621 2631 1681 dicit,
2659 1634 2761 1670 nec

1692 1715 1850 1750 unum
1870 1701 2126 1765 aliquem·
2112 1735 2127 1758 ‚
2162 1705 2252 1749 aut
2274 1699 2340 1748 de
2373 1698 2546 1748 Poeta
2568 1699 2762 1747 veritas

1694 1776 2238 1840 Historicaexigenda
2273 1777 2326 1825 in
2366 1776 2518 1824 unius
2538 1774 2763 1839 alicujus

1693 1868 1931 1919 persona.
2019 1853 2213 1903 Omnes
2252 1852 2481 1914 ordines,
2520 1852 2764 1914 honores,

1692 1932 1865 1982 omnia
1878 1930 2022 1995 jura,
2046 1931 2215 1979 omnia
2252 1929 2479 1993 denique
2508 1928 2689 1982 divina
2709 1933 2767 1976 et

1691 2008 1911 2057 bumana
1930 2005 2262 2055 conturbasse
2276 2004 2553 2053 avaritiam
2574 2010 2635 2052 et
2648 2016 2763 2053 cra·

1695 2084 1961 2133 delitatem
1989 2081 2163 2152 Rufini
2186 2082 2463 2130 declamat.

1761 2162 1879 2209 Post
1896 2159 2108 2223 trabeas]
2159 2156 2455 2209 Desunt-tna
2476 2159 2767 2208 consulatu.

1694 2237 1903 2287 Trabea
1925 2238 2086 2287 vestis
2109 2250 2287 2300 regum
2326 2236 2485 2297 Latii,
2509 2243 2637 2285 aute
2669 2236 2770 2284 Ro-

1695 2329 1831 2364 mam
1876 2313 2158 2365 conditam.
2233 2313 2369 2375 Pici,
2412 2312 2622 2362 AEueid.
2648 2324 2768 2361 -v11.

1694 2396 1711 2423 ‘
1739 2406 2003 2456 parvaque
2053 2390 2272 2441 sedebat
2312 2392 2624 2442 Succinctus
2666 2396 2771 2437 tra-

1698 2470 1799 2519 bea
1814 2469 1848 2519 ι’
1902 2476 2087 2532 postea
2125 2484 2155 2517 a
2191 2470 2410 2518 Romulo
2443 2473 2686 2531 recepta,
2714 2472 2770 2515 et

1698 2547 1765 2597 ad
1805 2547 1934 2597 alios
1974 2548 2287 2597 transmissa.
2317 2546 2442 2596 isid.
2473 2558 2593 2596 xlx,
2615 2559 2665 2592 c.
2686 2549 2770 2594 24.

1700 2624 1838 2673 Plin.
1860 2625 1896 2674 l.
1920 2637 2044 2673 vm.
2066 2638 2115 2673 c.
2139 2628 2222 2673 48.
2256 2628 2272 2653 4
2290 2622 2508 2672 Trabeis
2540 2635 2660 2671 usos
2692 2635 2774 2670 ac·

1702 2699 1842 2763 cipio
1882 2699 2068 2764 reges?
2113 2701 2309 2762 Tertio,
2335 2700 2569 2764 equitum
2602 2701 2773 2762 gesta·

1701 2789 1838 2825 men.
1869 2776 2046 2826 Valer.
2085 2777 2230 2825 Max.
2272 2777 2307 2826 l.
2334 2779 2394 2824 1'1.
2431 2790 2479 2823 c.
2512 2778 2565 2823 2.
2607 2775 2772 2824 Mart.

1703 2854 1737 2903 l.
1761 2867 1812 2903 v.
1836 2854 1937 2916 Ep.
1958 2856 2040 2902 42.
2073 2853 2190 2903 ideo
2225 2853 2452 2917 equites,
2486 2853 2502 2880 ‘
2529 2850 2776 2900 trabeata

1703 2928 1943 2992 agmina,’
1980 2928 2136 2979 dicta.
2194 2931 2331 2979 Stat.
2367 2929 2458 2978 lib.
2492 2942 2572 2978 ιν.
2608 2928 2704 2978 Sil.
2723 2931 2772 2977 2.

1705 3004 1857 3055 Idem
1877 3006 1974 3055 lib.
1999 3019 2052 3055 V.
2075 3006 2168 3056 Sil.
2194 3011 2244 3057 2.
2275 3007 2292 3034 4
2316 3020 2484 3071 neque
2525 2991 2774 3068 sanguine

1706 3090 1880 3132 certus
1897 3084 2148 3145 Turmali‚
2172 3083 2455 3148 trabeaque
2483 3083 2632 3132 Remi
2655 3083 2687 3131 :'
2704 3083 2777 3132 sie

1707 3159 1843 3209 enim
1866 3159 2144 3222 legendum
2161 3159 2380 3209 docuere
2401 3159 2500 3208 viri
2522 3159 2699 3209 docti:
2723 3163 2801 3216 et,

1708 3237 1775 3286 de
1798 3237 2184 3287 transvectione
2216 3237 2468 3302 equitnm,
2490 3236 2645 3287 Pers.
2666 3237 2779 3286 Sat.

1708 3327 1798 3365 ur.
1848 3317 1865 3344 4
1888 3315 2274 3380 censoremque
2313 3323 2476 3376 tuum,
2508 3329 2662 3379 quem
2705 3322 2781 3371 tn,

1707 3390 1984 3448 Trabeate,
2006 3390 2233 3440 salutas.'
2255 3392 2476 3454 Quarto,
2500 3392 2784 3444 Consulum

1706 3470 1886 3519 vestis.
1951 3467 2144 3517 Auson.
2201 3469 2251 3517 in
2309 3469 2602 3520 Consulatu
2652 3486 2779 3520 suo:

1709 3546 1726 3573 4
1749 3544 1977 3594 trabeam
2001 3558 2101 3593 non
2137 3545 2298 3609 magis
2338 3559 2466 3594 auro
2490 3561 2607 3607 suo,
2629 3561 2781 3611 quam

1710 3635 1923 3671 munere
1943 3626 2053 3683 tuo,
2082 3622 2461 3684 splendidam:’
2494 3630 2683 3672 noster
2715 3623 2779 3671 de

1710 3698 1869 3746 tertio
1907 3697 2108 3748 Honor.
2144 3699 2427 3747 Consulatu
2467 3699 2638 3761 princ.
2662 3699 2697 3747 l.
2720 3714 2782 3748 n.

1711 3776 1778 3824 de
1817 3775 2012 3825 laudib.
2053 3776 2251 3824 Stilicb.
2295 3774 2648 3825 ‘Innumeras
2682 3784 2783 3825 tra·

1711 3851 1926 3901 bearum
1947 3851 2167 3914 insignia
2201 3860 2367 3901 terras
2407 3852 2671 3902 Certatim
2696 3867 2782 3916 pe-

1711 3927 1845 3977 tiere
1867 3926 1996 3977 tibi?
2033 3927 2077 3976 Ι.
2101 3928 2160 3976 L.
2183 3927 2233 3975 in
2258 3928 2476 3988 Eutrop.
2509 3933 2525 3955 4
2552 3928 2784 3978 Flabella

1711 4004 1884 4068 perosi
1924 4003 2172 4067 Aspirant
2213 4003 2440 4066 trabeis,'
2479 4003 2534 4052 id
2575 4010 2677 4065 est,
2700 4004 2782 4054 ·ad

1714 4082 2072 4131 Consulatum.
2118 4080 2271 4130 Adde
2293 4094 2473 4129 aurum
2494 4080 2689 4130 trabeis
2709 4081 2781 4130 in·

1715 4165 2021 4208 tertextum.
2087 4156 2286 4208 Auson.
2321 4157 2477 4220 epist.
2502 4170 2676 4209 xxm.
2713 4158 2777 4207 ad

1717 4233 2023 4284 Paulinum:
2059 4233 2075 4260 ‘
2097 4246 2223 4296 quos
2245 4232 2639 4284 saerassuirini-
2658 4235 2782 4283 Put-

1719 4324 1853 4377 pura
1868 4316 1927 4361 et
1944 4315 2147 4360 auratas
2191 4310 2385 4362 trabeae
2412 4309 2780 4363 velavitamic·
