3034 4934
1534 428 1712 496 1196

536 587 796 657 Praeter
830 589 955 653 hos
1001 587 1171 654 duos
1198 588 1380 654 fuere
1424 589 1511 654 ad
1549 590 1820 655 manuni
1851 591 2290 678 exemplaria,
2325 612 2536 657 unum
2564 590 2736 658 Wil-

532 693 733 759 helmi
773 691 1085 770 Maerani,
1135 692 1316 757 aliud
1369 691 1693 777 Episcopi
1737 691 2252 774 LincolniensiS,
2295 696 2457 760 bina
2498 696 2740 761 biblio·

532 796 745 862 thecae
777 795 1159 873 vaticanae,
1199 793 1528 859 Mediceae
1567 796 1860 874 unicum,
1886 790 2183 860 ‘alterum
2224 795 2629 861 Hafniensis
2669 797 2737 861 in

535 897 782 976 Dania,
829 905 974 961 tum
1025 902 1093 963 et
1135 896 1416 962 Thomae
1463 897 1861 976 Bartholini‚
1908 897 2044 985 duo
2097 899 2381 983 denique
2427 919 2518 963 ex
2570 898 2739 963 meis

534 1001 801 1069 scriniis
832 1001 1211 1083 depromta,
1235 1001 1497 1073 et'haee
1535 1001 1810 1085 quide'm'
1845 1002 2234 1079 recentioris
2270 1010 2451 1069 notae
2489 1002 2740 1081 omnia,

534 1104 656 1168 sed
686 1125 838 1188 quae
890 1109 1109 1168 tamen
1149 1102 1491 1169 evolvisse
1536 1124 1670 1168 non
1719 1105 1947 1169 nolim.
2036 1104 2309 1170 Incerto
2358 1105 2617 1171 auctori
2671 1110 2745 1171 ut
2788 1140 2804 1162 ·

530 1205 885 1290 plurimum
911 1207 1058 1271 haeo
1088 1204 1326 1288 Elegia
1372 1207 1744 1285 ascribitur,
1785 1226 2006 1290 quam
2023 1207 2414 1272 sententiam
2445 1206 2743 1290 Scaliger

533 1327 803 1393 quoque
831 1315 934 1373 est
961 1315 1255 1374 secutus.
1345 1302 1666 1374 Barthius
1708 1306 2053 1375 Venantio
2083 1304 2453 1376 Fortunato
2483 1328 2745 1374 assere·

532 1410 671 1489 bat,
701 1410 1055 1475 Theodulo
1099 1411 1535 1479 Sirmondus:
1599 1422 1945 1497 perper-'am
1994 1419 2295 1499 uterque.
2386 1411 2521 1476 Sed
2553 1411 2745 1475 aliter

526 1512 722 1596 longe
754 1533 934 1591 sueS‚
967 1513 1157 1578 aliter
1186 1515 1415 1594 catuli,
1450 1512 1634 1599 quod
1680 1508 1789 1580 est
1830 1516 1903 1581 in
1933 1516 2315 1601 proverbio.
2403 1512 2744 1579 Plurimus

532 1615 707 1680 enim
734 1616 905 1680 nitor
935 1616 1208 1700 ubique,
1252 1617 1539 1702 plurima
1573 1625 1644 1682 et
1671 1618 1841 1683 felix
1873 1618 2212 1685 aemulatio
2244 1616 2596 1702 poetarum
2625 1636 2745 1699 op-

531 1719 839 1784 timorum
867 1719 1123 1800 passim
1151 1719 1222 1782 in
1250 1719 1377 1783 hoc'
1425 1720 1759 1804 opusculo
1804 1726 2100 1806 apparet.
2190 1719 2418 1799 Quare
2448 1718 2744 1785 Lactan-

529 1820 605 1887 tii
637 1820 994 1904 genuinum
1022 1841 1171 1885 esse
1199 1821 1374 1886 hunc
1403 1822 1641 1888 foetum
1683 1825 1983 1888 dubitari
2012 1825 2100 1887 sit
2124 1823 2336 1899 nefaS,
2364 1823 2745 1905 praesertim

531 1941 684 1988 eum
740 1924 1166 1988 veterrimum
1213 1922 1449 1989 Vossii
1499 1925 1845 2009 exemplar
1890 1926 2063 1991 hauc
2115 1925 2613 2011 inscriptionem
2665 1920 2742 1989 li-

530 2025 738 2110 quido
768 2025 1092 2104 ostendat,
1137 2023 1352 2090 Versus
1401 2023 1729 2092 Lactantii
1775 2027 1850 2092 de
1902 2029 2044 2093 Ave
2099 2025 2390 2092 Pleoenice
2411 2049 2431 2089 .·
2500 2025 2632 2091 sed
2678 2032 2744 2093 et

528 2128 1070 2194 Bartholinianus
1121 2128 1361 2210 codex,
1397 2127 1727 2196 Lactantii
1781 2129 2097 2197 Fir-miani
2133 2131 2209 2196 de
2259 2138 2402 2194 ortu
2448 2139 2508 2194 et
2564 2127 2742 2195 obitu

532 2225 844 2297 Plaaem'cis
875 2228 1687 2319 carmenjeleganlissimum.
1778 2233 2033 2301 Praeter
2063 2235 2268 2300 hosce
2292 2239 2423 2301 tres
2454 2231 2581 2297 alii
2613 2233 2748 2302 sub.

527 2333 724 2398 finem
753 2333 1078 2416 poematii
1099 2335 1454 2401 Lactantio
1479 2336 1555 2400 id
1579 2337 1842 2404 disertis
1873 2338 2099 2403 verbis
2130 2338 2493 2405 ascribunt.
2591 2334 2741 2400 Nec

527 2435 905 2500 obnitentes
942 2442 1144 2522 atque
1182 2439 1263 2505 in.
1295 2440 1624 2504 contraria
1651 2446 1890 2507 euntes
1914 2441 2279 2525 quicquam
2299 2439 2527 2523 juvat,
2557 2435 2741 2522 quod

527 2536 617 2602 D.
648 2534 1103 2623 Hieronymus
1130 2541 1201 2605 in
1231 2541 1546 2624 catalogo
1595 2561 1874 2627 operum
1913 2542 2504 2608 Lactantianorum
2523 2540 2748 2625 hujus

524 2639 737 2706 libelli
782 2661 863 2706 ne
911 2643 1250 2707 minimam
1305 2643 1579 2726 quidem
1628 2645 2037 2710 mentionem
2083 2644 2283 2709 fac-it:
2329 2642 2592 2726 quippe
2621 2640 2740 2725 qui

515 2741 846 2827 justorum
865 2749 1119 2810 tantum
1146 2744 1562 2811 voluminum
1599 2747 1744 2813 illic
1790 2747 2081 2813 indicem
2109 2750 2449 2811 contexat.
2540 2745 2738 2811 Non-¹

522 2847 704 2913 nulla
731 2847 931 2914 etium
977 2848 1046 2912 in
1087 2848 1215 2913 hoc
1254 2840 1598 2932 poematio
1639 2855 1989 2916 occurrunt
2029 2849 2515 2915 Ethnieismum
2541 2848 2737 2914 redo-

473 2939 488 2949 ’
519 2949 749 3028 lentia,
776 2950 1013 3017 fateor.
1102 2951 1236 3017 Sed
1263 2958 1333 3016 et
1378 2951 1506 3016 hoc
1549 2957 2003 3033 argumentum
2049 2964 2330 3036 prorsus
2355 2951 2754 3018 invalidum.

521 3059 655 3130 est‚·
680 3054 814 3117 nisi
845 3053 1199 3118 ostendant
1225 3053 1651 3119 Lat-‚mutium
1691 3052 2109 3123 Ethnicismo
2140 3072 2483 3138 nunquam
2510 3053 2735 3120 imbu-

520 3159 663 3218 tum
711 3154 952 3233 fuisse,
983 3157 1104 3220 sed
1146 3157 1471 3223 haustam
1502 3156 1913 3242 ductamque
1937 3158 2024 3224 ab
2052 3148 2169 3224 illo
2200 3176 2350 3223 cum
2379 3157 2558 3223 laete
2591 3177 2738 3223 ma·-r

520 3261 706 3321 terno
748 3256 1132 3340 religionem
1177 3257 1673 3327 Christianam:
1719 3261 1900 3345 quod
1943 3279 2124 3344 aegre
2146 3261 2342 3325 nobis
2370 3260 2734 3344 persuade-

518 3358 705 3424 bunt.
813 3359 1016 3425 Nunc
1064 3360 1325 3445 Elegiae
1372 3363 1827 3429 emaculandae
1881 3380 2006 3448 pro
2044 3362 2233 3429 'virili
2284 3363 2738 3446 accingamus

390 3548 395 3554 .
518 3461 651 3539 Tu,
680 3463 773 3528 mi
818 3461 1053 3542 Walli,
1091 3484 1224 3549 qna
1263 3464 1607 3531 literarum
1659 3465 2038 3549 cognitione
2085 3465 2323 3549 pelles,
2366 3464 2734 3548 pulchrene

517 3566 679 3631 mihi
708 3584 912 3651 opera
938 3567 1090 3633 hoec
1117 3571 1542 3654 processerit,
1574 3568 1851 3655 optime,
1876 3568 1936 3634 si
1965 3569 2115 3653 quis
2138 3556 2339 3648 aliae,
2359 3565 2729 3654 judicabis.
