3034 4934
498 353 633 423 ⁰62
1150 364 1266 414 cr..
1312 361 1746 424 cunnum
1795 362 2048 414 xxxv.

498 512 896 596 Terrigenas
923 507 1185 577 imitata
1213 508 1430 576 viros:
1476 509 1577 573 sic
1617 509 1855 575 tertius
1883 507 2101 573 haeres

502 616 773 682 Saturni
802 613 1138 680 latebrosa
1168 612 1358 694 vagis
1383 611 1659 675 rimatur
1694 610 1978 675 habenis

495 719 742 795 ,Devia,
765 716 1125 781 fraternum
1155 712 1432 798 cupiens
1463 713 1651 776 exire
1674 713 1798 777 sub
1825 713 2078 782 orbem.

494 820 545 886 J
548 840 723 886 anua
750 821 936 885 nulla
961 821 1182 903 patet:
1227 816 1676 901 prohibebant
1694 815 1991 899 undique
2020 833 2227 899 rupes
2578 810 2704 879 170

497 921 880 1008 Oppositae,
912 922 1211 1004 duraque
1241 919 1462 984 Deum
1489 938 1812 1005 compage
1840 919 2170 984 tenebant.

494 1024 656 1090 Non
685 1026 831 1089 tulit
858 1024 968 1090 ille
994 1042 1246 1100 moraS,
1275 1022 1788 1105 indignatusque
1833 1021 2072 1086 trabali

496 1126 687 1192 Saxa
716 1128 874 1191 serit
904 1132 1198 1209 sceptro.
1282 1122 1530 1187 Siculae
1563 1128 1833 1187 tonuere
1862 1142 2205 1189 cavernae:

495 1228 834 1295 Turbatur
863 1230 1145 1313 Lipare:
1191 1227 1448 1311 stupuit
1468 1226 1735 1291 fornace
1765 1226 2002 1291 relicta

493 1415 814 1479 triumphator
852 1414 1046 1463 imitans
1083 1412 1288 1462 homines
1318 1410 1563 1474 gigantes,
1582 1411 1739 1460 assilit
1760 1410 1812 1459 ia
1851 1416 2011 1460 turres
2045 1411 2261 1467 delusa,-
2291 1408 2364 1459 ita
2396 1408 2557 1459 Pluto
2562 1407 2704 1475 filiu

493 1479 668 1529 tertius
709 1478 911 1528 Saturni
948 1482 1188 1527 scrutatur
1229 1482 1370 1525 antra
1406 1475 1650 1524 tenebrosa
1687 1473 1878 1552 habenis
1914 1476 2204 1551 errantibus,
2234 1479 2402 1539 optans
2445 1474 2609 1535 egredi
2649 1475 2702 1523 in

493 1559 698 1620 regnum
719 1544 918 1601 fratria.
980 1544 1158 1592 Aditus
1179 1543 1333 1590 nullus
1361 1543 1545 1654 datia-i}
1581 1539 1919 1654 fflctioosspozeta
1956 1541 2619 1654 'zzegffbffiteazunffqssgtoe'
2654 1543 2702 1588 et

493 1606 1498 1737 gffpeiliazutpffussgisswwdgxteirtbtutra
1533 1668 1718 1718 Siciliae
1747 1620 2005 1720 sonuew
2000 1671 2177 1734 Lipare
2196 1640 2432 1719 tenetur}
2474 1669 2706 1719 Vuloam

1410 1812 1775 1842 ΟΝΝΜΙΟ

493 1918 616 1969 Jun.
634 1932 738 1968 sec.
762 1916 942 1969 Ambr.
968 1924 1087 1969 tert.
1135 1919 1289 1969 milite
1308 1919 1390 1968 vel
1413 1918 1567 1969 limite
1588 1919 1761 1969 Oxou.
1784 1922 2054 1969 sem-167
2091 1916 2374 1979 Terrigenas
2410 1914 2585 1964 Oxou.
2625 1928 2702 1978 pr.

493 1983 787 2045 Turrigeuas
818 1984 970 2034 Voss.
1008 1989 1252 2048 pru—168
1285 1984 1525 2033 tenebrosa
1559 1985 1700 2034 Med.
1735 1991 1906 2048 quart.
1942 1999 2009 2033 m.
2047 1997 2127 2046 pr.
2160 1982 2288 2032 Exc.
2314 1980 2503 2029 Petav.
2530 1988 2703 2043 quart.

494 2047 725 2097 latebrosa
747 2049 976 2098 Florent.
1002 2050 1145 2099 Med.
1169 2065 1247 2114 pr.
1272 2055 1327 2098 et
1352 2054 1525 2113 quart.
1552 2050 1654 2097 duo
1677 2049 1862 2099 Heius.
1904 2049 2025 2097 Put.
2066 2050 2197 2111 Reg.
2231 2047 2333 2095 duo
2366 2045 2555 2094 Petav.
2598 2045 2701 2094 Bo-

492 2127 612 2162 nou.
632 2114 838 2163 Tholos.
863 2113 984 2163 Vat.
1009 2114 1178 2164 Livin.
1205 2114 1306 2162 duo
1327 2113 1450 2164 Juu.
1474 2114 1691 2163 totidem
1718 2114 1890 2163 Oxou.
1928 2122 1984 2162 et
2014 2114 2163 2163 Vasa.
2200 2113 2327 2161 Var.
2353 2110 2461 2159 LL.
2485 2126 2513 2158 e
2537 2111 2702 2173 mar‘g.

491 2175 670 2227 Parm.
687 2179 777 2225 Sil.
802 2178 924 2228 Ital.
949 2178 1062 2229 Lib.
1085 2193 1125 2228 1.
1151 2183 1265 2229 366.
1296 2178 1447 2226 simili
1469 2179 1860 2242 comparatione
1880 2194 1894 2227 z
1917 2180 1932 2206 ‘
1958 2178 2226 2227 Subducto
2251 2177 2401 2223 Poeni
2427 2175 2580 2237 vano,
2599 2188 2702 2223 οε-

493 2256 658 2305 caque
677 2241 893 2303 latebra,
916 2242 1163 2292 Pandunt
1204 2242 1496 2305 prolapsam
1538 2242 1766 2294 suffossis
1799 2242 2049 2293 moenibus
2088 2241 2305 2291 urbem.’
2336 2244 2581 2290 scrutatur
2608 2252 2703 2301 pro

489 2306 697 2356 rimatur
713 2307 837 2355 Vat.
863 2322 940 2370 pr.
966 2308 1093 2357 Cod.
1116 2308 1405 2357 Barthoun.
1428 2307 1613 2358 Ambr.
1651 2316 1771 2358 tert.
1798 2309 1917 2359 Vat.
1942 2307 2275 2357 Livia—169
2303 2320 2392 2370 per
2419 2304 2576 2353 orbem
2598 2302 2702 2353 duo

491 2369 636 2421 Vatt.
658 2371 891 2421 Floreat.
911 2372 1113 2421 Thalna.
1137 2372 1239 2421 duo
1262 2374 1413 2421 Voss.
1453 2388 1541 2435 per
1561 2374 1642 2422 vel
1664 2372 1749 2424 sub
1788 2374 1943 2422 orbem
1977 2373 2151 2422 Oxou.
2190 2375 2458 2420 sem—171
2492 2372 2704 2432 duraque

494 2433 626 2485 eod.
649 2435 935 2485 Bartholin.
966 2437 1209 2501 eidemque
1232 2438 1433 2487 Bouou.
1469 2438 1722 2502 Siculaque
1741 2447 1846 2487 tres
1869 2439 2017 2487 Vatt.
2040 2443 2094 2486 et
2119 2436 2170 2484 d.
2194 2437 2305 2485 Pal.
2339 2437 2575 2484 Florent.
2596 2433 2701 2482 duo

491 2497 637 2549 Med.
659 2498 763 2549 duo
786 2501 967 2551 Heius.
992 2502 1115 2552 Put.
1142 2502 1272 2565 Reg.
1297 2500 1399 2551 duo
1426 2502 1610 2551 Petav.
1640 2504 1846 2553 Tholas.
1878 2502 1981 2551 duo
2021 2502 2193 2551 Oxon.
2235 2501 2453 2550 totidem
2486 2500 2609 2549 Juu.
2644 2504 2700 2546 et

489 2564 639 2614 Voss,
660 2566 792 2616 Exc-
818 2565 1004 2616 Petav.
1040 2574 1211 2630 quart.
1257 2566 1485 2630 solitaque
1506 2566 1696 2631 Isiugr.
1749 2567 1988 2631 solidaque
2019 2568 2123 2630 leg.
2167 2566 2514 2618 Heins.—l72
2537 2562 2705 2627 nziuas

489 2629 611 2678 Vat.
637 2644 743 2681 sec.
776 2630 929 2680 minas
951 2631 1033 2680 vel
1055 2646 1212 2680 moras
1226 2632 1375 2681 Vasa.
1396 2646 1503 2681 sec.
1553 2632 1705 2681 teneri
1726 2634 1847 2681 Vat.
1870 2632 2034 2695 quint.
2069 2632 2220 2680 teneri
2245 2632 2325 2680 vel
2346 2629 2520 2679 trabali
2542 2629 2698 2677 Voss.

489 2698 758 2744 eece-173
792 2701 938 2746 caeseu
960 2696 1146 2746 Petav.
1173 2702 1292 2746 tert.
1346 2701 1529 2761 sceptro
1561 2698 1649 2746 vel.
1684 2697 1823 2759 virga
1862 2698 2016 2746 Voss.
2054 2711 2157 2745 sec.
2211 2701 2403 2744 tonuere
2436 2695 2561 2743 Vat.
2588 2707 2698 2742 sec.

484 2756 614 2808 Put.
638 2759 824 2810 PetaV.
845 2768 969 2811 tert.
993 2768 1047 2810 et
1084 2776 1163 2824 pr.
1192 2777 1263 2811 m.
1302 2775 1406 2810 sec.
1429 2763 1580 2811 Voss.
1602 2767 1657 2811 et
1679 2762 1854 2811 Oxou.
1871 2776 1975 2810 sec.
1998 2763 2125 2811 Var.
2148 2760 2256 2811 LL.
2281 2775 2309 2808 e
2333 2773 2496 2821 marg.
2519 2757 2697 2807 Parm.

486 2838 683 2873 sonuere
702 2825 824 2874 Vat.
847 2840 929 2889 pr.
949 2833 1004 2876 et
1026 2827 1191 2890 quint.
1216 2831 1272 2875 et
1294 2826 1342 2876 d.
1364 2826 1492 2876 Cod.
1515 2826 1807 2876 Barthoiin.
1832 2826 1915 2877 ed.
1938 2826 2113 2875 Vicet.
2168 2830 2401 2873 tremuere
2423 2825 2546 2872 Vat.
2571 2829 2697 2872 tert.

486 2886 603 2938 Pal.
627 2889 856 2939 Floreat.
875 2889 978 2940 duo
1004 2889 1149 2941 Med.
1174 2891 1375 2940 Bonon.
1397 2891 1522 2943 Jun.
1561 2906 1642 2954 pr.
1678 2892 1868 2940 Moret.
1909 2905 1988 2955 pr.
2016 2891 2139 2940 Vat.
2164 2890 2328 2940 Liviu.
2360 2889 2488 2939 Exc.
2510 2887 2697 2936 Petav.

486 2958 659 3016 quart.
712 2969 904 3004 sonuere
927 2956 1010 3004 vel
1052 2960 1246 3005 tonuere
1284 2956 1385 3005 inc.
1428 2954 1780 3006 Heium—1⁷4
1812 2957 1990 3018 Lipare
2026 2957 2148 3006 Vat.
2189 2969 2293 3004 see.
2330 2954 2556 3002 Floreat.
2594 2952 2698 3001 inc.

484 3015 671 3067 HeiuS.
692 3018 815 3067 Put.
839 3018 1024 3068 Petav.
1049 3034 1128 3083 pr.
1151 3035 1218 3069 m.
1240 3034 1344 3069 sec.
1370 3019 1550 3070 Ambr.
1574 3026 1699 3070 tert.
1723 3019 1846 3070 Ald.
1868 3021 1992 3070 Var.
2016 3021 2120 3070 LL.
2144 3034 2173 3069 e
2195 3033 2357 3082 marg.
2378 3018 2554 3066 Parm.
2609 3016 2697 3065 Li·

423 3128 426 3131 .
480 3081 619 3143 paris
637 3082 738 3131 duo
760 3083 906 3133 Vatt.
938 3091 994 3133 et
1023 3084 1214 3136 d..Pal.
1246 3083 1377 3134 Cod.
1398 3085 1686 3136 Bartholin.
1719 3086 1821 3136 duo
1857 3085 2034 3137 Oxou.
2073 3085 2198 3137 Jun.
2229 3099 2331 3133 sec.
2385 3083 2574 3147 Lypare
2609 3082 2693 3130 vel

1475 3214 1690 3266 NOTAE

549 3335 646 3383 16⁷
683 3334 992 3400 Terrigenas]
1046 3336 1159 3387 Hos
1200 3351 1267 3386 ex
1305 3335 1545 3387 draconis
1692 3342 1788 3388 168
1828 3338 1976 3401 νας-ιζ’
1995 3338 2210 3404 habenis]
2241 3337 2399 3403 Equis
2432 3337 2533 3387 huc
2569 3337 2696 3388 illuc

483 3424 515 3460 a
538 3408 735 3460 Cadmo
759 3413 919 3463 occisi
956 3413 1199 3464 dentibus
1235 3420 1384 3463 natos
1405 3414 1548 3465 dixe·
1627 3415 1935 3467 errantibus.
2110 3405 2114 3409 ⁴

478 3492 621 3537 runt.
686 3489 933 3539 Ceterum
965 3490 1019 3539 hi
1054 3505 1195 3541 arma
1218 3490 1548 3542 tumultuaria
1689 3494 2161 3559 Latebrosa...devia]
2238 3493 2407 3545 Antra
2471 3492 2696 3543 obscura

424 3575 426 3579 “
479 3560 532 3611 in
557 3562 809 3616 Cadmum
850 3573 997 3616 tauta
1035 3567 1317 3617 velocitate
1358 3582 1548 3618 sumse-
1626 3575 1682 3620 et
1716 3570 1872 3619 variis
1901 3569 2123 3621 flexibus
2146 3572 2303 3635 plena
2341 3569 2599 3633 explorat,
2634 3573 2697 3619 ut

478 3647 617 3702 runt,
639 3648 698 3691 ut
729 3656 796 3691 ex
832 3650 975 3694 terra
1007 3644 1181 3712 subito
1209 3645 1313 3694 orti
1338 3659 1451 3694 esse
1473 3645 1545 3694 vi·
1624 3645 1855 3695 iuveniat
1876 3646 2090 3696 aditum.

480 3714 761 3780 dereutur3
783 3718 901 3767 inde
922 3720 1212 3784 Terrigenae
1235 3721 1383 3772 dicti.
1419 3722 1544 3771 Huc
1691 3726 1787 3770 169
1821 3722 2107 3772 Frateruum
2141 3722 2321 3785 orbem]
2375 3722 2482 3771 Sub
2522 3735 2694 3785 auras,

475 3794 684 3843 accedit
708 3794 845 3860 quod
879 3797 953 3846 illi
985 3799 1039 3847 in
1079 3802 1439 3864 expugnandis
1462 3817 1545 3850 ur·
1623 3798 1713 3848 ubi
1732 3800 1947 3861 Jupiter
1968 3799 2209 3850 Plutonis
2231 3788 2394 3849 frater
2416 3798 2574 3851 babet
2596 3799 2691 3848 im-

476 3867 628 3920 bibus
652 3872 799 3936 primi
820 3873 1067 3924 cuniculis
1092 3877 1167 3925 usi
1190 3884 1329 3941 suut,
1345 3885 1401 3927 et
1422 3878 1541 3929 ideo
1624 3876 1844 3940 perium-

477 3959 544 3997 ex
577 3952 719 3997 terra
753 3950 940 3998 armati
973 3951 1081 4001 nati
1126 3966 1237 4001 esse
1277 3952 1542 4018 dicuntur,
1688 3956 1783 4001 1⁷2
1818 3952 1930 4001 Noa
1951 3951 2065 4002 tulit
2088 3953 2263 4016 moras]
2307 3954 2431 4002 Non
2454 3954 2577 4003 tulit
2602 3952 2690 4003 ob·

476 4024 611 4088 quod
638 4026 737 4074 hoe
772 4026 949 4076 habitu
987 4042 1052 4077 ex
1075 4029 1191 4077 sinu
1224 4034 1380 4079 terrae.
1404 4045 1539 4080 novo
1620 4030 1821 4078 stacula
1844 4044 2047 4078 cursum
2071 4045 2215 4079 suum
2240 4031 2568 4080 remorantia.

473 4106 529 4148 et
549 4099 782 4151 inaudito
806 4111 1180 4168 strategemate
1205 4105 1539 4169 prodiissent.
1690 4106 1882 4156 Trabali
1921 4107 2126 4171 sceptro]
2178 4106 2337 4157 Vasto
2370 4115 2427 4157 et
2464 4105 2688 4172 ingenti,

538 4176 737 4240 Hoeres]
768 4180 947 4245 Pluto,
963 4182 1146 4231 tertius
1162 4183 1373 4233 Saturni
1402 4183 1537 4236 fliius
1617 4184 1783 4234 instar
1802 4185 1982 4235 trabis.

475 4254 631 4317 atque
652 4252 832 4320 haerez,
849 4256 1118 4307 Tartarum
1138 4258 1350 4313 sortitus
1373 4267 1469 4311 est.
1681 4264 1776 4310 1⁷4
1809 4261 2011 4325 Lipare]
2062 4262 2354 4311 Insularum
2400 4260 2683 4314 AEoliarum
