3034 4934
492 409 667 482 1288

490 575 639 625 rectu
657 568 1047 637 incomparabili
1058 567 1343 634 loquuntur
1354 563 1565 614 milites.

556 731 654 779 282
693 724 885 789 wadre]
935 722 1167 785 Deseris,
1206 718 1387 786 prodis
1420 716 1566 767 velut

492 809 550 857 et
569 806 707 854 hosti
730 802 967 867 exponis.
1014 801 1161 850 Idem.

509 893 538 912 ·'
567 879 692 936 stan
742 881 964 946 dextras]
1026 880 1142 930 Tibi
1198 884 1306 929 tam
1362 875 1570 926 fideles.

493 962 687 1013 narra
709 959 843 1010 enim
864 957 1022 1008 fidem
1046 956 1232 1007 innuit.
1283 954 1430 1004 Idem.

556 1041 656 1088 264
710 1039 810 1087 Nos
844 1037 959 1085 adeo
996 1033 1137 1097 viles]
1184 1032 1376 1082 Simile
1401 1031 1453 1079 in
1476 1043 1567 1078 ex·

490 1112 844 1180 postulatione
879 1110 1046 1176 Tydei
1079 1124 1196 1159 cum
1229 1107 1478 1157 Etheocle
1514 1120 1566 1154 a·

490 1189 600 1255 pud
624 1188 924 1254 Pupiniam,
958 1186 1215 1237 Thebaid.
1245 1199 1309 1235 ιι.
1343 1182 1565 1232 ‘horum

489 1267 721 1331 miseret,
740 1280 867 1330 quos
902 1263 1153 1328 sanguiue
1176 1259 1307 1312 viles
1341 1259 1565 1324 Projicis

488 1341 719 1406 excidio,
741 1343 879 1393 bone
901 1340 1050 1392 Rex)
1086 1341 1239 1390 Idem.
1397 1355 1404 1360 ·

556 1425 654 1471 26⁶
690 1420 823 1476 Quid
842 1418 975 1468 nobis
994 1417 1228 1483 patriam]
1265 1414 1386 1465 Huc
1407 1414 1565 1464 collo·

489 1499 658 1550 canda
710 1498 1013 1558 distinctim
1070 1501 1124 1546 et
1177 1502 1260 1544 est
1315 1494 1566 1557 abruptus

489 1589 675 1626 sermo.
742 1573 902 1636 Quid,
939 1573 1031 1635 ait,
1061 1570 1209 1622 nobis
1234 1570 1457 1634 patriam
1488 1583 1566 1619 re-

488 1651 702 1703 censes?
733 1651 751 1680 ‘
772 1651 912 1705 Quid
944 1648 1150 1716 juvat?
1185 1652 1285 1700 διο.
1352 1649 1488 1698 Nam
1513 1664 1567 1698 a·

484 1729 682 1795 lioquin
701 1727 762 1777 τὸ
785 1729 927 1790 Juvat
950 1741 1066 1777 cum
1088 1727 1149 1775 τὸ
1183 1726 1323 1776 nobis
1355 1740 1565 1794 compo·

486 1816 615 1855 nere
634 1812 716 1856 est
735 1805 1093 1856 Soloecismum
1128 1803 1353 1855 orationi
1374 1804 1561 1853 immit-

487 1889 622 1933 tere.
721 1881 956 1932 Militum
1012 1897 1130 1948 pars
1187 1881 1380 1931 Graeca
1434 1877 1567 1944 era't,

491 1975 646 2046 quam
689 1960 1023 2026 relinquebat
1076 1959 1294 2011 Stilicho
1340 1957 1566 2010 Graeciae

490 2037 616 2088 auae.
652 2038 807 2088 Idem.

500 2119 653 2165 268
704 2115 770 2165 Te
801 2115 907 2165 sine
941 2116 1076 2165 dulce
1106 2111 1257 2176 nihil]
1286 2113 1564 2178 Virgilian.

488 2194 580 2244 lib.
603 2205 703 2245 vn.
735 2195 753 2224 ‘
777 2195 916 2244 haud
939 2194 1213 2260 quicquam
1250 2191 1372 2242 mihi
1410 2191 1564 2242 dulce

487 2281 721 2319 meorum
744 2270 824 2320 Te
846 2270 977 2332 sine,
998 2268 1183 2331 frater,
1204 2267 1338 2318 erit!

498 2375 508 2386 ·
556 2345 833 2395 For-midam
851 2349 1045 2410 tyranni
1062 2342 1354 2409 Tempestas]
1374 2343 1432 2393 M
1445 2358 1565 2393 ores

486 2421 704 2471 hominis
734 2422 968 2487 ‘improbi
1011 2421 1360 2484 turbulentos,
1398 2419 1564 2484 impu-

485 2512 592 2561 ros,
609 2498 797 2563 varios,
814 2515 998 2563 saevos,
1015 2505 1069 2549 et
1086 2492 1427 2560 truculentos,
1438 2503 1567 2547 tem·

486 2577 684 2640 pestati
699 2576 972 2627 maritimae
990 2582 1275 2641 comparat.
1317 2575 1497 2625 Barth.

543 2647 647 2703 ’271
682 2651 786 2704 Aut
808 2653 1078 2718 impacatis]
1114 2653 1309 2704 Pacem
1332 2652 1522 2702 exosis.

497 2745 504 2750 ·
552 2734 773 2784 Famulus
789 2734 1063 2799 proestabit]
1098 2727 1351 2799 Loquitur
1370 2748 1438 2783 ex
1459 2746 1564 2782 am-

482 2808 684 2860 bitione
708 2809 982 2862 barbarica
1015 2811 1314 2861 immanium
1358 2810 1562 2859 illarum

486 2893 544 2934 et
582 2884 812 2938 ferarum
848 2887 1100 2953 gentium,
1124 2901 1337 2952 quarum
1374 2884 1564 2950 princi-

484 2969 596 3025 pes.
644 2964 733 3014 Sic
753 2963 927 3015 Attila
964 2965 1276 3014 Hunnorum
1306 2963 1420 3012 Rex
1442 2974 1564 3011 cum

483 3037 820 3102 irasceretur,
859 3040 1018 3090 duces
1056 3040 1404 3089 Romanorum
1455 3052 1562 3087 ser-

483 3130 577 3165 vos
617 3131 735 3167 suos
773 3118 1097 3182 appellabat,
1119 3118 1206 3183 qui
1232 3124 1409 3167 tamen
1442 3117 1558 3200 ipso

484 3192 746 3259 dignitate
780 3208 883 3243 non
923 3200 1075 3244 erant
1120 3192 1416 3255 inferiores,
1459 3190 1561 3244 etsi

481 3267 719 3335 Principi
739 3272 971 3320 Romano
995 3269 1249 3335 subjecti:
1285 3277 1344 3320 ut
1379 3271 1562 3322 scribit

483 3346 699 3398 Priscus
739 3349 848 3414 ejus
888 3348 987 3398 aevi
1030 3347 1345 3398 Historicus.
1413 3348 1558 3401 Quid

483 3431 641 3490 putas
662 3425 841 3476 horum
868 3425 1156 3490 principem
1178 3421 1432 3475 militibus
1454 3439 1559 3475 non

480 3497 759 3567 facturum,
793 3502 883 3568 qui
924 3504 1099 3552 Duces
1145 3487 1414 3552 Romanos
1461 3516 1559 3566 pro

483 3577 647 3627 servis
683 3577 910 3628 habeat?
958 3574 1220 3628 Habebat
1247 3583 1423 3627 autem
1448 3584 1558 3628 tum

483 3654 736 3741 temporis
762 3654 929 3704 Attila
968 3655 1178 3704 titulum
1200 3652 1434 3704 Romani
1445 3655 1560 3703 Du·

483 3729 581 3791 cis,
617 3735 678 3779 ut
715 3744 782 3779 ex
820 3730 1006 3781 eodem
1049 3732 1222 3781 Prisci
1261 3730 1559 3796 fragmento

484 3811 727 3869 apparet.
760 3805 942 3855 Barth.

490 3880 744 3944 -dluaiss
777 3880 1035 3932 Ammiau.
1060 3883 1298 3933 Marcell.
1323 3882 1480 3933 Alani
1502 3887 1559 3933 et

480 3957 752 4012 montium*
785 3958 1137 4022 appellatione
1188 3961 1558 4024 cognominati,

465 4033 689 4096 'proceri
712 4047 862 4096 paene
884 4047 1082 4096 omnes,
1107 4035 1335 4086 crinibus
1360 4035 1556 4087 medio-

482 4108 646 4158 eriter
665 4106 838 4173 flavis,
855 4110 1120 4160 oculorum
1137 4117 1432 4177 temperata
1447 4109 1557 4163 ‘tor-

485 4182 679 4236 vitatez
718 4185 994 4250 judicatur
1032 4186 1100 4235 ab
1136 4187 1197 4237 iis
1238 4188 1441 4254 beatus,
1466 4190 1555 4255 qui

486 4259 541 4309 in
562 4262 745 4325 praelio
769 4263 987 4313 animam
1007 4260 1164 4314 fudit.
1200 4266 1408 4315 clover..

549 4340 647 4387 272
687 4336 893 4390 Tantane
920 4338 1165 4403 gestandi]
1222 4341 1414 4391 Gestari
1447 4342 1553 4391 ‘Lu-

1582 3565 1587 3568 '
1633 3561 1750 3610 Val.
1797 3559 1988 3622 Flacci,
2023 3557 2196 3620 Statii,

893 423 1114 476 1¹01·AE
1161 417 1571 470 v-Atuotwn
1618 413 1703 464 IN
1750 414 1873 464 (3115
1914 410 2197 461 onum.
2242 408 2318 466 Y·

1640 567 1893 624 cens.an
1915 561 1973 609 ct
1992 569 2150 619 supra
2171 567 2268 619 pro
2298 548 2572 616 patebit,
2590 562 2716 613 ιιι-αα

1637 638 1764 688 babit
1807 649 1951 687 cum.
1969 632 2189 699 Gyrald.
2233 637 2288 680 et
2330 630 2483 694 prim.
2532 627 2709 676 Vatic.

1638 715 1804 764 minus
1826 711 2010 777 probo.
2048 711 2119 759 D.
2145 709 2316 759 Heius.

1650 829 1657 836 .
1704 790 1916 840 Peuma
1938 786 2093 850 ferri]
2126 782 2456 835 Continentia
2485 780 2606 831 haec
2634 780 2712 829 io·

1641 866 1855 933 quentis⁴
1871 879 1965 929 pro
1987 862 2221 913 omnibns
2256 861 2404 909 unius
2432 857 2614 907 militis
2645 869 2713 906 ea

1639 949 1742 1006 est,
1762 949 1823 993 ut
1859 942 2001 991 dicat
2022 940 2178 990 malle
2212 952 2269 987 se
2307 935 2543 987 occidere
2570 933 2713 984 Rufi·

1639 1035 1784 1084 num,
1818 1035 1970 1086 quam
2016 1015 2487 1068 exauctorationem
2530 1013 2600 1063 ab
2643 1026 2712 1061 eo

1639 1106 1967 1164 exspectare.
2010 1094 2188 1145 Barth.

1646 1180 1801 1227 274
1840 1176 1912 1226 Tu
1948 1176 2057 1224 licet
2094 1169 2305 1234 occiduo]
2342 1168 2543 1220 occidui
2576 1175 2712 1217 unns

1641 1209 1937 1313 Mediceus,
1980 1252 2318 1301 concinnius.
2322 1246 2494 1295 Coeli
2549 1243 2712 1294 etiam

1639 1346 1737 1398 pro
1771 1331 1896 1381 Solis
1931 1332 2148 1380 Luceus.
2183 1324 2404 1391 Gyrald.
2427 1327 2486 1372 et
2505 1329 2715 1385 septem

1640 1409 1757 1460 alii.
1783 1409 1856 1458 nil
1879 1415 2040 1457 muto.
2080 1402 2309 1455 Noster
2296 1416 2350 1451 ιιι
2371 1400 2593 1462 Eutrop.
2616 1393 2650 1445 1.
2670 1409 2713 1446 ι.

1637 1486 1776 1536 ‘alio
1797 1484 1983 1535 Phoebi
2006 1484 2087 1533 de
2119 1480 2333 1531 cardine
2357 1481 2580 1541 surgunt
2601 1474 2715 1525 Cri·
2742 1495 2745 1496 ⁷

1640 1563 1812 1614 mina!
1864 1563 1934 1613 D.
1957 1562 2127 1611 Heius.

1649 1683 1655 1688 .
1702 1645 1801 1690 276
1858 1636 2051 1702 Fidem]
2101 1636 2440 1686 Sacrameuto
2496 1626 2711 1679 militari

1637 1719 1832 1769 datam.
1922 1716 2052 1781 Ejus
2109 1713 2384 1764 formulam
2440 1707 2709 1773 antiquam

1628 1793 1795 1844 -habe's
1820 1791 1958 1857 apud
1981 1789 2231 1852 Gellium,
2255 1799 2374 1836 ιιι.
2396 1788 2449 1834 4.

1707 1865 1816 1919 Tibi
1852 1868 2015 1918 debita
2045 1865 2233 1930 pridem
2278 1859 2511 1925 Victima]
2545 1855 2711 1912 Quasi

1636 1961 1703 1996 ex
1735 1950 1892 2009 pacto
1915 1942 2157 2009 quopiam
2194 1946 2286 1989 aut
2315 1936 2710 2001 consponsione.

1636 2022 1824 2086 Vir-gil.
1847 2023 1884 2071 l.
1910 2034 2012 2070 xu.
2058 2019 2323 2068 ‘Turnum
2357 2014 2471 2078 jam
2510 2012 2711 2063 debent

1634 2101 1746 2149 baec
1763 2098 1888 2152 mibi
1904 2095 2088 2148 sacra!
2120 2093 2400 2143 victimam
2421 2089 2558 2139 dixit
2559 2089 2710 2154 ,quia

1635 2177 1871 2226 Heroum
1920 2176 2014 2224 irae
2067 2170 2296 2221 victimis
2345 2153 2710 2234 placabantur.

1699 2331 1818 2378 277
1832 2324 2088 2377 Promissis
2123 2320 2285 2384 longe]
2316 2319 2559 2380 Longum
2569 2316 2712 2368 idem

1636 2404 1941 2463 Mediceus3
2015 2414 2118 2451 non
2159 2399 2327 2448 male.
2375 2395 2431 2445 id
2469 2401 2573 2470 est,
2619 2393 2710 2443 diu

1637 2477 1926 2545 promissis.
1975 2479 2045 2528 D.
2073 2476 2247 2536 Herpa.
2590 2495 2597 2500 -

1700 2555 1888 2619 Longe]
1919 2555 1966 2604 E
1987 2553 2284 2617 longinquo.
2332 2548 2517 2600 Barth.

1701 2637 1802 2683 279
1833 2630 2074 2694 Taagebat
2095 2624 2502 2717 Macetunfineq
2536 2625 2712 2685 Mace-

1638 2712 1793 2762 donia
1814 2717 1925 2761 tum
1948 2715 2066 2760 erat
2095 2708 2234 2757 inter
2268 2703 2561 2770 provincias
2586 2713 2707 2752 xrx.

1637 2789 1824 2855 quibus
1847 2787 2116 2852 Illyricum
2133 2782 2460 2838 censebatur.
2478 2780 2713 2843 Memfi«,

1636 2863 1968 2916 Macedonia.
1991 2861 2225 2926 Hesych.
2259 2856 2476 2909 Μακετία
2496 2854 2710 2907 Μακεδό-

1636 2962 1727 2993 νια.
1795 2941 1900 2993 ΑΙίἰ
1924 2940 2185 2991 Maeotim
2221 2947 2425 3003 partem
2459 2935 2715 2987 Macedo·

1635 3023 1736 3072 nim
1758 3019 1923 3070 fuisse
1951 3017 2190 3080 tradunt,
2228 3022 2287 3066 ut
2310 3016 2553 3077 Marsyas
2586 3013 2711 3063 His-

1637 3097 1831 3150 toricus
1866 3094 2004 3160 apud
2037 3092 2434 3144 Constantinum
2467 3090 2710 3154 Porphy-

1637 3174 2016 3239 regenerem‚1.
2038 3186 2102 3222 ιι.
2150 3171 2301 3221 Idem.

1705 3250 1947 3313 iungebat
1967 3250 2210 3300 Macetum
2213 3246 2366 3313 fines]
2398 3248 2522 3298 Non
2547 3211 2710 3294 Muce-

1633 3330 1743 3378 dm
1765 3323 1985 3379 Lucens.
2006 3327 2156 3391 prim.
2175 3325 2350 3379 Vatic.
2374 3333 2433 3374 et
2461 3323 2570 3373 duo
2588 3321 2708 3383 alii3

1636 3405 1776 3470 quod
1815 3414 1873 3454 et
1913 3404 2156 3454 Bar-thius
2179 3402 2328 3452 vidit.
2396 3402 2515 3451 Nec
2553 3399 2710 3450 aliter

1634 3481 1690 3531 in
1714 3481 2084 3548 antiquissimis
2102 3481 2251 3531 libris
2267 3477 2709 3544 Prudentii5Silii,
2746 3475 2751 3478 ’

2233 3556 2452 3620 Lucani,
2488 3555 2710 3605 aliorum

1635 3637 1908 3701 poetarum
1948 3636 2227 3688 scribitur:
2263 3648 2363 3699 qua
2389 3632 2456 3682 de
2489 3645 2550 3682 re
2568 3643 2707 3695 mag·

1635 3729 1729 3764 nus
1769 3714 2005 3778 Scaliger
2045 3713 2113 3764 ad
2156 3712 2465 3762 Manilium.
2520 3711 2599 3760 sic
2651 3717 2708 3759 et

1633 3792 1725 3842 lib.
1748 3803 1809 3842 ιι.
1832 3792 1884 3841 in
1921 3792 2143 3854 Eutrop.
2182 3788 2584 3839 emendavimus.
2635 3788 2702 3886 D.

1636 3870 1807 3920 Heins.
1887 3906 1895 3913 .

1696 3950 1796 3996 280
1829 3944 2174 4005 musabum,
2194 3942 2321 4006 titos]
2368 3941 2553 3991 Prima
2590 3941 2700 3992 brec

1632 4024 1858 4075 omnium
1895 4021 2099 4073 urbium
2120 4037 2153 4071 a
2175 4015 2518 4070 Constantino
2548 4018 2701 4068 modo

1630 4100 1905 4151 nominato
1915 4099 2245 4163 Imperatore
2262 4095 2570 4147 collocatur.
2614 4094 2702 4145 Ci-

1628 4179 1849 4231 vitatem
1884 4178 2247 4249 amplissimam
2279 4182 2336 4224 et
2371 4174 2699 4224 Macedonia

1626 4258 1918 4326 principem
1951 4261 2107 4307 vocat
2141 4253 2468 4319 Nicephorius
2500 4251 2698 4315 Gregoa

1629 4350 1734 4403 ras,
1756 4334 1847 4387 lib.
1870 4347 1933 4386 ιι.
1984 4332 2051 4384 In
2072 4333 2172 4384 bac
2208 4329 2452 4383 Rufinum
2487 4339 2696 4394 emaum,
