3034 4934
1027 400 1125 452 nu
1174 399 1276 453 vr.
1324 400 1538 451 cons,
1583 402 1866 453 noima.
2419 373 2551 468 '779

1338 590 1559 643 NOTAE

344 714 603 767 Procerea
626 714 766 778 Diis,
784 714 1031 766 Senatum
1051 716 1193 768 Coelo
1209 715 1406 782 magui-
1486 732 1568 767 am
1590 716 1643 766 iu
1669 718 1830 768 Sacra
1850 717 2125 781 Scriptura
2143 718 2285 769 Deos
2318 718 2550 785 appella-

342 789 444 842 flce
473 799 762 857 comparat.
828 793 978 846 Quod
1013 793 1080 843 ad
1116 793 1406 860 Imperato-
1485 794 1548 845 ri.
1611 795 1627 822 ‘
1652 795 1877 859 Magnus
1900 796 2155 844 Dominus
2190 809 2348 859 super
2368 810 2546 846 omnes

345 881 458 917 rem
482 870 693 933 attinet,
727 876 930 919 certum
965 877 1048 920 est
1069 884 1175 935 eos,
1220 870 1405 937 quibus
1487 869 1670 931 Deos:
1725 871 1904 920 aiebat
1954 869 2161 922 Jethro.
2226 873 2242 900 ‘
2265 871 2378 937 Ego
2422 871 2548 937 dixi,

341 944 564 1009 contigit
587 958 771 1010 regere
793 946 1087 997 mortalium
1106 960 1286 1012 genus,
1308 946 1407 997 eti·
1485 947 1581 997 Dii
1603 946 1767 998 estis?
1836 946 1898 997 In
1922 945 2158 1000 Psalmis.

1234 1459 1637 1539 XXVIII·

334 1693 502 1772 οι.
571 1677 1171 1776 CLAUDIAM
1244 1697 1401 1773 DE
1465 1694 1832 1774 SEXTO
1899 1692 2538 1773 CONSULATU

324 1833 329 1840 ·
576 1834 1061 1912 HONoRn
1118 1836 1584 1914 AUGUSm
1642 1834 2293 1913 PANEGYRIS.

1111 1994 1763 2086 ARGUMAENTUM.

392 2143 676 2193 Fon-ruma
694 2144 918 2195 -Reduci
962 2146 1212 2211 templum
1252 2147 1542 2198 vovendum
1587 2156 1670 2199 est
1709 2147 1777 2198 ob
1823 2145 2158 2212 Majestatcm
2202 2143 2536 2195 Consularem

326 2219 507 2274 Romae
532 2225 828 2275 restitutam
850 2225 916 2276 ab
938 2227 1190 2292 Honorio,
1214 2229 1302 2293 qui
1326 2237 1474 2293 reget
1496 2228 1743 2291 feliciter,
1773 2228 1919 2294 cujus
1943 2227 2219 2293 praesentia
2242 2224 2538 2277 laetificabit

326 2305 569 2369 Romam,
606 2308 764 2358 solam
788 2307 1067 2358 Consulum
1089 2317 1147 2359 et
1184 2309 1565 2374 Imperatorum
1601 2310 1796 2373 sedem,
1836 2310 1888 2359 in
1913 2324 2014 2374 qua
2042 2308 2361 2358 Theodosius
2386 2305 2536 2369 vixit,

326 2387 492 2451 elegit
513 2393 806 2437 consortem
836 2388 1141 2455 Honorium,
1173 2395 1325 2455 quain
1350 2399 1488 2441 amat
1511 2390 1835 2457 pra-fertque
1859 2390 2066 2442 Orienti
2100 2390 2214 2453 ipse
2254 2387 2537 2449 Honorius,

327 2482 356 2517 a
375 2467 666 2520 Stilichone
699 2475 754 2521 et
784 2470 984 2543 Serena
1016 2471 1090 2522 ibi
1111 2479 1382 2537 exceptus.
1449 2473 1597 2522 Felix
1620 2473 1965 2534 Theodosius,
2004 2471 2092 2537 qui
2127 2469 2334 2520 videbat
2356 2469 2534 2518 hostes

326 2549 493 2600 victos
517 2557 574 2601 et
599 2551 731 2602 ultos
753 2551 827 2603 ab.
855 2552 1111 2616 Honorio,
1135 2569 1236 2620 quo
1257 2555 1465 2621 auspice
1489 2552 1699 2618 fugatus
1722 2552 1981 2615 Alaricus,
2002 2552 2086 2602 cui
2117 2551 2328 2601 insultat
2354 2548 2535 2599 Erida-

323 2645 439 2691 nuS,
474 2632 685 2681 Verona
719 2632 916 2697 gaudet
954 2641 1129 2699 strage
1164 2634 1384 2685 militum
1421 2634 1636 2686 Alarici.
1700 2634 1914 2686 Stilicho
1936 2633 2201 2697 sapienter
2222 2632 2287 2681 ab
2320 2631 2399 2680 his
2421 2632 2534 2681 vin-

324 2713 520 2763 dictam
542 2714 698 2778 petit.
751 2715 994 2765 Alaricus
1015 2731 1131 2767 suos
1150 2716 1377 2767 retinere
1400 2731 1503 2767 non
1528 2722 1725 2781 potest,
1747 2714 2010 2780 desperat,
2033 2714 2175 2764 dolet
2196 2715 2262 2763 de
2284 2711 2535 2776 praesenti

322 2792 658 2857 infelicitate,
698 2796 854 2846 variis
891 2797 1119 2849 motibus
1163 2799 1408 2864 agitatur.
1495 2800 1727 2863 Optatur
1764 2789 2017 2848 adventus
2054 2795 2295 2846 Honorii.
2361 2793 2532 2844 Roma

319 2869 495 2927 mixtis
520 2878 765 2943 querelis,
786 2878 986 2943 dolore,
1007 2879 1225 2945 aliisque
1251 2878 1543 2944 affectibus,
1557 2874 1717 2945 ‘rogat
1749 2893 1866 2929 eum
1903 2871 1962 2928 ui
1991 2877 2185 2929 veniat.
2265 2875 2529 2927 Honorius

310 2958 393 3010 ait
414 2972 473 3008 se
493 2958 654 3009 visum
678 2973 793 3009 esse
816 2960 871 3009 in
904 2960 1191 3012 Stilichone
1213 2963 1459 3027 Consule,
1476 2977 1632 3028 quem
1654 2961 1835 3012 laudat
1854 2976 1884 3010 a
1905 2959 2063 3010 variis
2086 2957 2331 3008 victoriis.
2396 2956 2529 3007 Inde

318 3040 569 3091 Ravenna
591 3056 832 3107 egressus
856 3043 1045 3094 transit
1082 3059 1178 3108 per
1201 3045 1369 3095 varios
1390 3044 1565 3094 Italiae
1589 3048 1809 3107 tractus,
1847 3042 2063 3093 Romam
2085 3039 2279 3102 invisit,
2314 3036 2528 3089 favente

316 3123 484 3187 Coelo,
509 3123 878 3188 plaudentibus
899 3124 1211 3188 hominibus,
1247 3132 1305 3177 et
1326 3125 1634 3176 mirantibus
1655 3131 1983 3189 apparatum,
2016 3120 2302 3171 famulante
2324 3119 2529 3169 Enche-

316 3203 417 3267 rio,
455 3204 732 3269 gaudente·
756 3206 1065 3272 Stilichone,
1094 3207 1377 3258 comitante
1399 3207 1659 3270 Victoria,
1680 3206 1885 3257 cunctis
1907 3203 2215 3256 colentibus.
2279 3201 2415 3252 Ludi
2438 3215 2527 3251 ex-

314 3284 582 3351 hibentur,
605 3280 787 3339 Annus
812 3288 1041 3339 omnium
1063 3286 1395 3339 felicissimus
1420 3288 1673 3354 aperitur.

285 3503 626 3600 ‚AUuEA
662 3531 972 3598 Fortunae
1006 3530 1269 3596 Reduci
1297 3500 1362 3594 si
1391 3528 1646 3614 templa
1674 3528 1926 3614 priores

318 3633 424 3704 Ob
452 3635 735 3702 reditum
760 3654 1006 3701 vovere
1037 3634 1310 3714 ducum,
1339 3653 1501 3698 num
1531 3633 1792 3716 dignius
1821 3651 2119 3716 unquam

378 3794 437 3846 Sa·
459 3799 636 3847 veteres
655 3795 986 3847 dedicaverint!
1008 3797 1184 3870 templu
1196 3801 1370 3847 aurata
1387 3795 1616 3847 Fortuna·
1632 3792 1814 3844 Reduci
1834 3791 1890 3841 ob
1912 3789 2219 3842 reversionem
2240 3789 2505 3840 Ductorum

1238 3921 1595 3943 ”OOOOOO‘OO'O

378 4013 404 4058 l
437 4006 506 4058 sie
526 4007 714 4059 Petav.
737 4022 839 4059 sec.
871 4006 1073 4058 minores
1087 4006 1397 4058 Tholos.—-2
1430 4005 1488 4054 ob
1518 4005 1702 4055 reditus
1719 4003 1929 4054 Tholos.
1972 4016 2062 4067 pro
2081 4001 2240 4051 reditu
2259 4001 2381 4051 Vat.
2414 4014 2519 4051 sec.

1309 4136 1528 4188 NO'rAE

378 4243 404 4288 l
439 4235 626 4303 Aurea]
676 4239 858 4288 Romae
895 4234 1374 4302 templa‘quaedam
1457 4233 1578 4284 inde
1615 4235 1783 4283 Roma
1815 4246 1973 4282 aurea
2007 4245 2107 4281 non
2148 4245 2261 4280 raro
2304 4229 2517 4284 dicitur.

320 4330 436 4366 auro
511 4321 656 4368 tecta
725 4320 1013 4380 agnoscunt
1088 4320 1374 4376 auctores;
1454 4311 1746 4362 Martialis:
1767 4311 1783 4338 ‘
1801 4307 2040 4360 Fortunae
2066 4308 2294 4358 Reducis
2316 4307 2519 4374 fulgen·
