3034 4934
1315 692 1726 774 XXXIV.

975 1093 1187 1185 CL.
1294 1091 2068 1183 CLAUDIANI

1469 1302 1575 1353 DE

424 1466 1117 1586 RAPTU
1249 1463 2636 1586 PROSERPINAE·

1281 1746 1617 1822 LIBER
1673 1745 1786 1819 11.

1172 2190 1871 2269 PRAEFATIO,

934 2342 1087 2409 AD
1178 2340 2108 2410 FLORENTINUM.

1208 2558 1211 2561 '
1255 2553 1793 2606 ARGUMENTUM.
1821 2582 1834 2597 ··

477 2690 560 2737 Urr
584 2687 826 2752 Orpheus
848 2686 989 2738 canit
1010 2686 1189 2738 laudes
1211 2687 1474 2750 Herculis,
1512 2687 1661 2752 cujus
1682 2685 1954 2737 Thraciam
1990 2684 2229 2750 pacantis
2251 2698 2353 2749 ope
2374 2682 2645 2749 interrup-

417 2778 521 2820 tam
546 2771 800 2820 Musicam
841 2770 1138 2836 repetebat,
1173 2769 1247 2820 sic
1287 2777 1344 2821 et
1368 2769 1684 2839 Claudianus
1721 2768 1902 2820 laudat
1938 2767 2317 2834 Florentinum,
2350 2766 2498 2831 cujus
2520 2767 2644 2817 hor-

416 2860 533 2902 tatu
549 2858 734 2902 cantus
755 2851 1075 2924 intermissos
1097 2852 1309 2918 repetit.

419 3074 646 3167 ΟΤΙΑ
680 3062 923 3188 sopitis
954 3111 1181 3190 ageret
1210 3126 1364 3172 cum
1392 3096 1707 3172 cantibus
1738 3103 2068 3190 OrpheuS‚
2123 3090 2130 3097 ’

509 3206 1045 3292 Neglectumque
1075 3208 1193 3273 diu
1225 3213 1640 3296 seposuisset
1664 3211 1874 3292 ebur3
1929 3298 1934 3301 .

484 3371 609 3422 Cum
622 3373 846 3437 Orpheus
867 3373 1137 3437 indulgeret
1159 3375 1327 3441 quieti,
1349 3377 1524 3427 omissa
1547 3378 1743 3442 musica,
1760 3382 1808 3428 et
1828 3375 2092 3442 reliquisset
2113 3388 2228 3440 opus
2245 3372 2507 3437 neglectum
2527 3366 2611 3420 diu
2621 3384 2643 3428 ,⁶

482 3584 727 3633 Exodium
749 3600 844 3649 pro
883 3585 1121 3647 Praesatio
1165 3586 1292 3638 cod.
1315 3585 1604 3636 Bartholin.
1675 3585 1938 3639 Heinsius,
1962 3584 2097 3635 hanc
2139 3581 2517 3633 Praefationem
2554 3579 2640 3630 hic

415 3648 584 3698 alieno
613 3651 733 3699 loco
770 3651 1017 3701 insertam
1091 3657 1223 3715 utut,
1264 3652 1403 3718 quod
1440 3652 1626 3715 glossae
1649 3652 1776 3714 Reg.
1814 3657 1870 3700 et
1902 3651 2075 3700 Oxou.
2116 3649 2336 3713 probare
2371 3647 2639 3695 videntur.

417 3712 660 3775 ascripsit
685 3728 807 3763 vero
830 3730 976 3780 seqq.
1012 3718 1028 3745 ⁴
1098 3717 1340 3765 lorentini
1377 3714 1631 3766 Praefecti
1663 3716 1925 3765 Praetorio
1948 3715 2045 3764 sub
2068 3713 2378 3765 Constantio
2401 3711 2645 3761 meminit

414 3776 674 3828 Ammiani.
712 3779 827 3829 Lib.
865 3793 985 3830 xv1.
1051 3782 1308 3833 Florentii
1346 3781 1593 3844 Magistri
1630 3779 1939 3832 officiorum
1967 3781 2003 3831 1.
2029 3793 2127 3830 xx.
2170 3793 2223 3843 p.
2247 3782 2360 3829 168.
2385 3781 2501 3827 171.
2524 3779 2642 3826 184.

416 3845 532 3891 200.
548 3845 661 3894 3⁷0.
685 3842 788 3892 duo
812 3845 1065 3894 Florentii
1088 3862 1137 3910 p.
1157 3846 1293 3896 222!

488 3910 516 3956 1
551 3909 664 3957 dum
686 3922 784 3971 pro
807 3924 912 3958 cum
935 3910 1126 3961 Petav.
1151 3926 1229 3975 pr.
1255 3912 1405 3962 Voss.
1430 3914 1611 3975 pr.-2
1642 3911 1930 3975 deposuisset
1955 3916 2179 3975 quatuor
2200 3908 2348 3961 Vatt.
2363 3913 2420 3958 et
2444 3906 2497 3957 d.
2518 3905 2642 3958 Pal.

1427 4058 1642 4111 No'rAE

481 4149 565 4201 Aa
582 4152 952 4219 florentinum]
1006 4156 1338 4209 Florentinns
1372 4165 1491 4209 erat
1570 4172 1700 4223 opus
1723 4157 2071 4208 intermissum
2094 4157 2400 4220 persecutns
2421 4154 2525 4202 est.

418 4227 704 4292 praefectus
725 4232 887 4295 urbis,
924 4232 1046 4284 belli
1076 4235 1326 4301 pacisque
1363 4236 1488 4287 arti·
1636 4239 1663 4284 l
1703 4234 1822 4284 Otia
1840 4231 2029 4296 ageret]
2059 4230 2125 4282 ld
2150 4236 2251 4290 est,
2282 4233 2539 4290 cessaret,
2560 4239 2642 4277 ro-

420 4304 519 4358 bus
541 4306 751 4372 nobilis,
770 4308 921 4375 cujus
942 4310 1155 4364 hortatu
1169 4312 1485 4366 Claudianus
1568 4311 1881 4380 quiesceret,
1933 4310 2129 4365 omisso
2177 4304 2401 4361 canendi
2441 4303 2636 4358 studio.
