3034 4934
997 407 1008 416 ’
1081 390 1164 442 ΙΝ
1214 388 1572 448 gustuum
1621 389 1771 440 mn.
1823 391 1870 442 Ι.

353 535 445 590 lib.
466 547 544 589 tv,
567 538 667 603 Ep.
690 542 770 590 14.
834 536 1012 588 But-tls.

422 618 519 666 80⁷
567 614 751 664 Ardent
791 619 1085 677 prosternere
1126 612 1268 677 eires]
1330 612 1417 661 Sic

351 690 543 755 scripti
566 705 761 749 omne-s,
791 705 894 739 non
928 693 1120 741 audent.
1184 688 1417 750 Statius;

351 765 370 824 ξ
388 768 657 830 Sternere,
674 768 810 817 ferre
831 769 1006 817 domos
1020 767 1206 816 ardent
1225 770 1258 816 :’
1280 771 1420 815 amat

356 844 509 896 valde
556 854 734 894 noster
775 845 828 894 id
881 845 1127 893 verbum:
1179 842 1301 892 alibi
1353 841 1419 891 de

355 1010 486 1047 nere
510 1003 686 1063 tauros
704 998 745 1059 :fi
773 998 847 1049 sic
867 1000 1020 1050 calent
1036 1003 1332 1061 prosternere
1353 996 1421 1045 de

355 1074 602 1140 leonibus
614 1075 668 1123 in
688 1074 842 1125 simili
864 1075 1253 1139 comparatione
1273 1073 1423 1136 Epis-

352 1150 472 1218 ·tola
493 1150 911 1214 ,deprecator-ia.
942 1152 1008 1201 ad
1062 1151 1386 1202 Hadrianum
1407 1166 1420 1199 ε

358 1227 374 1254 ‘
401 1227 532 1292 Quae
564 1229 808 1290 stravisse
847 1229 1045 1288 calent,
1077 1227 1259 1276 eadem
1280 1240 1426 1290 pros·

349 1308 505 1362 ‚trata
524 1304 853 1369 relinquunt.'
916 1303 1003 1353 Ita
1025 1304 1163 1353 enim
1198 1303 1304 1352 illic
1324 1302 1426 1352 loci

359 1380 655 1430 monebitur
676 1380 732 1428 in
764 1380 973 1444 optimis
1007 1378 1315 1429 membranis
1339 1392 1427 1426 ex-

361 1461 537 1524 stare:
557 1457 782 1518 flagrant
803 1456 996 1518 elidere,
1031 1457 1120 1506 lib.
1143 1470 1205 1506 n.
1240 1455 1291 1504 in
1325 1456 1429 1504 Ru·

347 1531 542 1595 finum,
581 1549 657 1584 vs.
695 1538 809 1584 437.
853 1533 1209 1597 praeeuntibus
1248 1531 1431 1595 priscis

361 1609 746 1676 exemplaribus
765 1609 1030 1673 castigavi.
1059 1608 1231 1671 Silius,
1250 1608 1338 1657 lib.
1351 1621 1429 1656 tv.

360 1687 376 1712 ‘
402 1686 577 1736 Marte
601 1686 824 1749 probare
862 1700 1023 1749 genus
1056 1683 1315 1749 factisque
1342 1685 1433 1733 ha·

363 1776 499 1822 cona
534 1770 801 1826 parentem
848 1761 1150 1813 Ardebant?
1235 1762 1433 1813 Noster

362 1839 501 1889 libro
540 1841 795 1904 proximo,
830 1841 847 1866 ‘
871 1840 1093 1904 Illyricis
1130 1839 1430 1901 ardetsnc·

355 1930 581 1970 ‚currere
614 1914 856 1968 damnis.'.
917 1915 1078 1980 Apud
1110 1916 1295 1979 Virgil.
1320 1916 1432 1966 AEn.

368 2006 445 2042 xi.
469 1996 585 2043 895.
616 1994 631 2020 ‘
657 1995 946 2057 primaeque
980 1992 1107 2042 mori
1140 2007 1236 2055 pro
1260 1992 1435 2040 moeni-

367 2069 467 2119 bns
490 2068 712 2120 ardent.'
767 2069 851 2118 Ita
876 2068 1086 2132 optimae
1105 2067 1437 2131 membranae,

369 2161 488 2197 cnm
510 2147 622 2211 pari
645 2146 799 2195 modo
819 2147 993 2195 audent
1017 2144 1123 2195 illic
1155 2145 1310 2195 etiam
1335 2144 1437 2194 loci

366 2223 424 2272 in
456 2223 676 2288 vulgatis
718 2223 865 2271 libris
894 2219 1321 2272 circumferatur:
1358 2236 1437 2271 se-

368 2299 549 2365 quenti
572 2312 724 2348 versu
761 2313 855 2362 pro
887 2299 1006 2348 Jam
1031 2304 1216 2362 gentes,
1236 2301 1438 2364 Jamque

373 2376 527 2426 Getas
542 2375 761 2439 Gyrald.
779 2391 838 2425 ac
859 2377 1080 2427 Lucens.
1105 2392 1223 2427 cum
1245 2377 1441 2436 Pricaer

372 2467 472 2503 ano
495 2459 551 2502 et
573 2453 707 2503 Laeti
729 2452 1023 2516 excerptis:
1060 2460 1116 2503 et
1149 2468 1244 2516 pro
1284 2469 1441 2517 recep·

371 2534 468 2591 tut,
520 2529 750 2578 nonnulli
803 2533 1009 2578 retentat
1027 2547 1044 2579 .·
1098 2530 1223 2578 nihil
1277 2538 1439 2580 muta.

376 2606 595 2657 Laudib.
631 2607 874 2655 Serenae:
922 2611 1138 2670 ‘gentes
1181 2621 1309 2670 quas
1350 2605 1441 2656 foe-

376 2683 504 2733 dere
530 2685 692 2734 Roma
713 2681 951 2747 recepit!
1017 2682 1088 2733 D.
1114 2684 1287 2733 Heius.

365 2823 372 2830 ι
443 2765 540 2810 3⁰8
578 2760 779 2824 Gentes]
832 2760 1043 2809 Alienos
1091 2760 1158 2810 ab
1211 2761 1442 2825 Imperio

377 2837 630 2900 Romano,
661 2836 937 2887 Barbaros.
959 2866 977 2875 ο

447 2913 626 2963 Gentes
667 2913 928 2976 Istrumque
972 2912 1153 2976 movet]
1215 2913 1446 2979 Propter

379 2988 765 3053 Rhadagaisum
786 2989 1033 3052 Scytham
1055 2990 1154 3039 hoc
1190 2989 1336 3053 dicit,
1356 2992 1446 3057 qui

381 3080 415 3114 a
444 3063 629 3116 Rufino
658 3079 775 3114 cum
792 3078 876 3115 cc.
898 3066 1122 3116 millibus
1143 3066 1447 3131 Scytharum

367 3149 434 3192 -et
454 3141 741 3192 Gothorum
762 3141 813 3189 in
833 3141 1046 3192 ·1taliam
1066 3144 1268 3192 excitus
1287 3145 1446 3195 venit.

385 3218 622 3281 Orosius,
642 3232 743 3269 vu.
766 3222 851 3269 37.
904 3220 957 3268 Is
992 3227 1165 3274 autem
1192 3222 1448 3286 Radagai-

383 3310 471 3347 sus
494 3312 526 3346 a
546 3296 831 3368 Stilichone
857 3297 1092 3348 exercitu
1127 3297 1301 3348 deleto
1332 3313 1451 3363 cap·

368 3365 470 3426 ‘tus
491 3383 609 3436 est3
644 3374 860 3425 Rufinus
888 3381 1061 3425 autem
1095 3383 1204 3424 tum
1234 3377 1349 3439 jam
1373 3391 1452 3425 re-

384 3459 602 3515 ceperat
625 3452 834 3502 meritas
856 3466 1051 3515 poenas,
1084 3451 1150 3500 ad
1175 3441 1315 3502 urbis
1339 3453 1449 3503 ΟΡ.

386 3529 749 3581 obtruncatus.

450 3606 706 3671 Receptut]
759 3605 988 3670 Recipit.
1053 3606 1206 3655 More
1260 3605 1452 3656 Poeta·

386 3699 519 3734 rum.
541 3683 686 3747 Virg.
709 3684 741 3732 l.
764 3696 822 3733 x.
854 3686 868 3711 ‘
888 3683 1194 3746 hastamque
1212 3673 1455 3746 receptat
1508 3681 1514 3689 “

391 3760 611 3811 Ossibus
631 3757 957 3808 haerentem.'
991 3759 1174 3808 Barth.

373 3891 382 3897 ,
453 3841 551 3886 310
585 3833 872 3896 Descendit]
918 3835 1136 3885 Daciam
1161 3841 1454 3885 montanam

389 3913 577 3964 innuit.
643 3913 718 3962 Et
738 3912 902 3964 omnis
925 3913 1023 3961 iste
1047 3919 1248 3963 tractus
1282 3914 1458 3976 Getis,

389 3990 575 4051 Dacis,
589 3989 866 4051 Taurinis,
879 3988 1181 4050 Thracibus,
1198 3989 1456 4053 quondam

391 4069 581 4129 cultus,
617 4066 879 4115 montibus
916 4068 1143 4127 piaealtis
1177 4067 1459 4117 habitatus.

392 4144 529 4194 Vide
550 4143 878 4206 Strabonem,
896 4143 931 4190 l.
956 4156 1057 4193 vit.
1079 4143 1220 4192 Plin.
1236 4156 1310 4192 tv·
1335 4147 1414 4192 12.

2390 373 2564 440 lm

1489 563 1521 579 --
1562 535 1746 586 Mis-tis
1758 533 1936 598 Dacis]
1962 535 2114 596 Daci,
2144 534 2327 600 populi
2344 533 2567 598 Septen-

1497 612 1769 673 trionales‚
1806 611 1996 663 Gothis
2032 610 2206 661 vicini.
2239 610 2366 659 Isid.
2405 623 2565 662 xxiv-

1494 694 1546 740 4.
1582 690 1675 738 sub
1698 688 1927 742 Arcadio
1958 695 2013 739 et
2047 688 2283 739 Honorio
2303 687 2422 738 AA.
2479 699 2567 753 pn-

1497 766 1680 816 rebaut
1701 766 1966 829 Romanis,
2005 772 2176 815 tamen
2197 764 2291 814 sub
2332 763 2565 828 Augusto

1495 842 1723 892 nondum
1751 842 1894 902 victi.
1945 855 2008 891 ιι.
2033 841 2228 905 Georg.
2277 843 2293 868 ‘
2312 839 2423 889 Aut
2444 851 2567 890 con·

249 955 254 959 -
355 920 614 982 leonibus,
651 924 666 949 ‘
690 923 889 972 alacres
923 920 1111 970 ardent
1145 935 1261 969 cum
1295 925 1423 969 ster·
1486 920 1668 983 jurato
1707 918 2032 969 descendens
2070 919 2250 967 Dacus
2271 918 2339 966 ab
2377 917 2520 967 Istro
2535 915 2570 964 :’

1497 1011 1660 1062 quare
1703 1003 1761 1046 et
1797 997 1935 1045 idem
1961 996 2229 1058 Angustus
2279 993 2571 1058 expeditio-

1499 1087 1620 1122 nem
1645 1073 1697 1121 in
1721 1073 1894 1121 Dacos
1914 1073 2200 1130 meditatus
2221 1078 2321 1122 est.
2352 1072 2570 1122 Sueton-

1495 1150 1553 1208 in
1576 1164 1640 1199 eo
1664 1164 1782 1214 cap.
1807 1153 1854 1199 8.
1889 1150 2026 1199 Flor.
2050 1151 2083 1198 l.
2105 1162 2181 1200 ιν.
2198 1164 2244 1199 c.
2263 1153 2359 1198 12.-
2397 1148 2568 1200 Iidem

1500 1233 1594 1277 aut
1616 1227 1836 1276 rebelles
1860 1228 1957 1275 sub
1980 1230 2317 1287 Nemne,.aut
2341 1224 2571 1275 nondum

1500 1304 1725 1354 subacti.
1787 1304 1973 1354 Senec.
2004 1304 2231 1367 Thyeste
2254 1302 2486 1353 Act.’1u.
2518 1302 2574 1350 in

1502 1382 1689 1430 choro:
1725 1381 1891 1445 etqui
1910 1381 2005 1428 sub
2028 1379 2212 1428 eodem
2236 1378 2447 1442 scripsit
2483 1377 2572 1427 Se⁶

1503 1457 1620 1509 nec.
1657 1459 1812 1521 epist.
1850 1462 1934 1508 ⁷1.
1956 1456 2094 1507 fine:
2130 1465 2190 1506 ut
2209 1458 2469 1507 bellicosos..
2485 1467 2573 1506 eos

1506 1535 1791 1588 celebrat:¹
1819 1549 1988 1599 neque
2031 1535 2168 1585 enim
2223 1541 2365 1599 puto.
2406 1533 2576 1583 Dolus

1497 1613 1828 1682 legendum·
1889 1614 2067 1664 Dacos
2122 1626 2224 1661 non
2292 1610 2578 1675 superavit,

1495 1690 1603 1740 ⁷sed
1627 1689 1858 1740 tentavit
1873 1696 2070 1739 tantum
2092 1688 2429 1751 Domitianus,
2450 1685 2578 1736 lieet

1509 1766 1751 1822 aduletur
1792 1766 1926 1816 Stat.
1945 1766 2038 1815 lib.
2062 1778 2100 1815 ι.
2132 1764 2385 1815 Thebaid.
2409 1762 2578 1827 princ.
2681 1777 2684 1781 “

1506 1846 1596 1894 ‘et
1639 1844 1913 1907 conjurato
1957 1842 2196 1907 dejectos
2231 1840 2430 1892 vertice
2468 1841 2579 1888 Da·

1510 1919 1633 1969 cos!
1668 1921 2022 1970 Veruntamen
2062 1934 2094 1968 a
2113 1919 2332 1983 Trajano
2356 1918 2578 1981 primum

1511 1996 1752 2059 domitos,
1774 2004 1971 2061 praeter
1991 1996 2294 2057 historicos,
2316 2001 2491 2043 noster
2513 1993 2579 2044 de

1511 2088 1590 2124 vt.
1614 2075 1771 2124 Cons.
1797 2074 1999 2124 Honor.
2032 2073 2047 2102 ‘
2074 2073 2242 2122 Dacia
2264 2072 2581 2134 bellipotens

1513 2163 1673 2217 quum
1709 2149 1931 2215 fregerit
1964 2150 2152 2214 Ulpius
2183 2163 2325 2199 arma
2341 2148 2375 2198 :’
2410 2149 2582 2213 deque

1512 2229 1593 2278 his
1634 2228 1771 2277 idem
1814 2227 2186 2291 triumphavit:
2221 2227 2289 2275 de
2315 2240 2393 2275 vt.
2429 2225 2584 2275 Cous.

1516 2305 1660 2358 Bon.
1693 2306 1709 2333 ‘
1730 2305 1854 2356 Alta
1875 2306 2011 2370 quod
2037 2305 2277 2355 invectus
2301 2302 2482 2353 stratis
2504 2316 2586 2351 ca·

1515 2382 1705 2447 pitolia
1729 2381 1941 2432 Dacis.'.
1996 2382 2214 2445 Dempst.

1502 2496 1510 2504 .
1581 2463 1676 2509 311
1716 2460 2004 2523 cornipedes
2046 2459 2097 2507 in
2144 2460 2311 2523 pocula
2352 2457 2589 2521 vulnerat]

1518 2536 1775 2588 Omnium
1804 2535 1937 2586 fere.
1964 2535 2204 2586 Thraciae
2257 2534 2587 2598 Scythiaeque

1519 2613 1757 2676 gentium
1813 2611 1953 2676 apud
2011 2611 2209 2661 Poetas
2266 2610 2588 2661 consuetudo

1518 2689 1773 2751 sanguine
1797 2688 1984 2753 equino
2006 2690 2131 2739 lacti
2151 2688 2316 2737 mixto
2348 2703 2443 2751 pro
2460 2694 2589 2751 potu

1519 2766 1615 2816 nti.
1686 2765 1774 2814 De
1807 2765 2125 2829 Massagetis
2158 2766 2360 2828 pariter
2387 2764 2592 2813 Seneca

1505 2842 1748 2907 .OEdipo:
1782 2844 1796 2870 ‘
1815 2841 2012 2893 Lactea
2032 2842 2354 2904 Massagetas
2393 2840 2482 2904 qui
2505 2851 2592 2903 po·

1521 2920 1642 2969 cula
1671 2918 1919 2982 sanguine
1942 2916 2166 2967 miscet.’
2215 2918 2395 2968 Barth.

1586 3000 1683 3046 312
1719 2995 2032 3058 Patr-iamque
2049 2994 2211 3045 bibens
2234 2994 2441 3046 Maeotin
2477 2994 2594 3044 Alo-

1518 3072 1631 3135 πω]
1686 3072 1912 3124 Quidam
1945 3072 2156 3135 scripti,
2182 3071 2486 3135 patriumque
2523 3070 2594 3121 bi·

1522 3149 1634 3199 bens
1679 3148 1874 3206 Maeotis
1921 3149 2184 3200 Orontem:
2232 3155 2291 3198 ut
2317 3147 2595 3198 Maeotides

1522 3226 1760 3282 foeminas
1807 3225 2106 3291 intelligat:
2166 3227 2421 3291 quomodo
2450 3224 2593 3289 apud

1525 3306 1778 3355 Senecam
1796 3304 1988 3353 Troad.
2058 3303 2275 3352 Tanaitis
2296 3307 2344 3351 et
2367 3301 2562 3350 Moeotis
2580 3316 2599 3350 .·

1526 3388 1584 3431 et
1604 3381 1764 3432 Ovid.
1799 3381 1934 3432 ‘Qui
1957 3378 2111 3429 modo
2142 3377 2421 3442 peltiferas
2454 3377 2597 3428 fudit

1527 3456 1808 3507 Maeotidas
1832 3456 1987 3504 armis
2008 3452 2040 3503 :'
2074 3453 2167 3503 sed
2191 3453 2316 3501 nihil
2351 3453 2455 3502 illis
2478 3467 2596 3502 cum

1530 3533 1769 3582 Oronte:
1807 3531 1975 3594 proba
1996 3520 2156 3593 igitur
2177 3530 2392 3593 vulgata
2405 3528 2594 3579 lectio:

1528 3617 1587 3659 at
1621 3608 1869 3659 Lucensis
1890 3607 2025 3656 liber
2049 3621 2143 3670 pro
2169 3606 2490 3670 patriumque,
2510 3621 2599 3656 σω·

1527 3701 1746 3751 samque.-
1782 3683 1999 3748 optime:
2063 3682 2218 3732 Statii
2244 3683 2336 3731 illa
2363 3683 2602 3747 ¹respexit

1528 3765 1690 3815 Theb.
1714 3776 1818 3813 ιιι.
1866 3762 1881 3789 ‘
1899 3760 1970 3809 Et
1994 3759 2173 3809 tristes
2195 3759 2457 3807 ducuntur
2478 3758 2602 3823 equi

1531 3848 1836 3904 truncaeque
1875 3837 2145 3900 bipennes,
2184 3834 2346 3886 Queis
2391 3846 2604 3892 nemora

1532 3927 1589 3968 et
1611 3916 1827 3968 solidam
1868 3911 2123 3963 Maeotida
2148 3912 2353 3962 caedere
2389 3918 2551 3960 sueta:
2571 3915 2605 3960 ι’

1533 3996 1748 4054 solidum,
1769 3991 1931 4055 glacie
1955 3996 2274 4040 concretam.
2309 3985 2507 4035 Noster
2529 3986 2604 4038 in-

1536 4071 1619 4121 fra
1640 4071 1725 4120 lib.
1752 4084 1816 4118 u.
1857 4070 1978 4132 ‘per
2019 4075 2168 4129 terga
2207 4062 2397 4112 ferocis
2421 4061 2604 4113 Danu-

1539 4147 1610 4196 bii
1645 4144 1870 4196 solidata
1908 4149 2065 4194 ruunt
2083 4140 2116 4190 :'
2159 4139 2400 4200 frangere
2420 4138 2515 4189 lib.
2543 4152 2606 4189 ιι.

462 4220 670 4284 Mixtis]
705 4220 852 4269 Unus
869 4221 1011 4270 enim
1020 4221 1133 4284 jam
1155 4221 1277 4269 dum
1299 4220 1464 4269 Plinii
1539 4223 1606 4271 de
1629 4222 1807 4285 Raptu
1830 4220 1992 4271 dixit:
2028 4226 2086 4267 ut
2119 4218 2202 4265 hic
2235 4218 2445 4270 caedere:
2479 4216 2606 4267 ‘seu

379 4299 561 4360 ,atate
581 4297 823 4364 idemque
846 4300 1067 4363 populus
1088 4305 1220 4350 erat.
1253 4299 1431 4351 ΒανιΙι.

1538 4297 1678 4349 forte
1716 4296 1972 4361 rigentem
2008 4292 2475 4345 Thermodontiaca
2511 4293 2608 4347 Ta·
