3034 4934
947 413 1243 466 RAP'rus
1278 413 1640 464 Pnosmu‘.
1676 414 1822 462 [ΑΒ.
1854 412 1938 464 11.

338 554 677 642 AEquore:
722 557 1107 641 praecipitat
1133 559 1399 641 pigrum
1427 553 1719 621 formido
1747 557 2052 622 Booten:

342 660 631 726 Horruit
657 658 910 726 Orion:
959 659 1188 725 audito
1214 660 1456 743 palluit
1482 657 1684 724 Atlas

343 762 668 829 Hinnitu:
713 764 949 828 rutilos
980 764 1300 826 obscurat
1329 762 1659 826 anhelitus
1690 781 1857 827 axes

341 862 697 946 Discolor-3
743 870 809 929 et
835 865 1037 947 longa
1066 864 1301 928 solitos
1329 864 1612 945 caligine
1642 864 1837 947 pasci

338 964 600 1031 Terruit
629 968 812 1031 orbis
845 986 1082 1050 equos,

1172 966 1440 1031 Pressis
1468 966 1727 1032 haesere
1753 966 2004 1050 lupatis

341 1064 626 1134 Attoniti
653 1069 921 1134 meliore
953 1069 1153 1153 polo;
1195 1089 1559 1153 rursusque
1588 1069 1944 1134 verendum

2420 1067 2555 1132 196

340 1170 423 1233 In
458 1169 681 1234 Chaos
711 1171 983 1254 obliquo
1011 1179 1304 1254 pugnant
1330 1176 1597 1236 temone
1623 1174 1886 1237 reverti.

343 1270 541 1350 Mox,
574 1272 692 1334 ubi
722 1273 995 1355 pulsato
1026 1280 1379 1338 senserunt
1404 1275 1685 1339 verbera
1714 1280 1919 1357 tergo,

341 1372 430 1437 Et
457 1375 666 1438 solem
694 1373 990 1439 didicere
1022 1375 1187 1458 pati,
1221 1376 1570 1444 torrentius
1597 1395 1790 1452 amne

343 1476 694 1560 Hyberno,
725 1482 1034 1561 tortaque
1064 1484 1259 1542 ruunt
1286 1480 1626 1562 pernicius
1654 1480 1871 1544 hasta.

342 1575 692 1657 'Quantum
718 1599 852 1643 non
873 1579 1172 1664 jaculum
1201 1580 1458 1660 Parthi,
1491 1601 1627 1645 non
1654 1582 1945 1666 impetus
1974 1578 2236 1736 Austri,

337 1753 484 1803 litos.

2421 1575 2554 1644 200

540 1755 664 1805 Ursa
686 1755 814 1804 lavat
847 1769 897 1805 se
924 1755 979 1804 in
1003 1757 1125 1804 mari
1144 1756 1412 1819 pmhibito:
1448 1763 1602 1806 terror
1628 1757 1759 1821 rapit
1780 1757 1846 1806 ad
1871 1772 2118 1806 occasum
2139 1757 2325 1806 Booten
2346 1756 2555 1804 lentum:

344 1820 498 1868 Orion
520 1820 791 1883 pertimuit.-
827 1822 969 1870 Atlas
982 1822 1182 1870 territus
1203 1827 1274 1871 est
1290 1823 1452 1871 audito
1476 1823 1698 1872 hinnitu.-
1728 1820 1918 1888 afflatus
1949 1823 2088 1883 niger
2102 1836 2373 1884 equorum,
2396 1819 2550 1879 infuso

338 1890 420 1933 eat
461 1887 642 1934 Coelum
679 1887 903 1945 nitidum,
947 1892 994 1934 et
1039 1886 1125 1934 Sol
1163 1888 1408 1936 territavit
1453 1902 1594 1950 equos
1632 1892 1871 1961 consuetos
1905 1889 2080 1935 dudum
2117 1887 2296 1935 matr-iri
2330 1885 2553 1934 tenebris.

340 1950 428 1998 Illi
460 1950 711 1999 constitere
749 1951 941 2000 habenis
976 1951 1271 2013 compressis,
1297 1954 1583 2002 consternati
1619 1951 1731 2001 aie‘re
1772 1952 1987 2013 clariore,
2020 1956 2174 2014 atque
2195 1952 2368 1999 iterum
2401 1950 2556 1999 redire

342 2021 577 2064 conantur
614 2030 831 2064 converso
866 2030 1010 2064 curru
1045 2015 1099 2063 in
1133 2017 1389 2065 Tartarum
1420 2018 1714 2066 horrendum.
1758 2017 1947 2065 Deinde
1988 2022 2234 2079 postquam
2274 2015 2404 2078 passi
2445 2017 2555 2062 sunt

333 2075 536 2143 stagello
579 2084 719 2141 tergo
756 2079 1020 2141 verberato,
1063 2084 1111 2130 et
1150 2085 1386 2144 coeperunt
1422 2084 1623 2131 tolerare
1667 2083 1843 2130 lucem:
1891 2085 2087 2129 currunt
2120 2081 2323 2130 velocius

1339 2147 1451 2195 Non
1485 2147 1558 2196 sic
1589 2146 1772 2208 sagitta
1796 2148 1990 2209 Parthi,
2008 2160 2099 2194 non
2118 2145 2376 2208 siefiamen
2405 2144 2556 2205 venti,

343 2145 549 2209 hyemis,
572 2151 620 2194 et
640 2145 1006 2205 celeriusjaeulo
1039 2151 1268 2195 contorto.

2351 2079 2558 2142 flumine

1279 2292 1635 2311 OONM‘OOO

337 2384 514 2448 palluit
537 2383 662 2436 Jun.
685 2398 791 2433 sec.

880 2383 988 2434 uuit
1005 2383 1128 2433 Vat.
1152 2398 1234 2447 pr.
1255 2383 1435 2446 perluit
1466 2384 1618 2435 Voss.
1643 2400 1718 2449 pr.
1721 2390 1883 2436 -190
1915 2384 2140 2434 sollicitat
2174 2399 2268 2448 pro
2289 2383 2559 2447 praecipitat

345 2449 465 2498 Pal.
488 2464 680 2510 mgmm
699 2449 866 2498 Thoo
838 2464 914 2498 o.s
939 2449 1140 2498 Bootem
1159 2450 1387 2498 Floreut.
1421 2449 1523 2498 dno
1551 2451 1694 2499 Med.
1719 2450 1822 2499 duo
1846 2451 2029 2499 Heius.
2052 2450 2178 2500 Put.
2212 2450 2342 2513 Reg
2364 2450 2560 2498 Moret.

345 2529 427 2577 pr.
451 2522 561 2564 tres
584 2514 772 2564 PetaV.
797 2515 930 2564 Exc.
955 2515 1143 2563 Petav.
1169 2521 1341 2576 quart.
1376 2513 1496 2564 Am.
1536 2522 1591 2564 et
1613 2514 1698 2564 ed.
1719 2515 1894 2564 Vicet.
1895 2519 2056 2565 -191
2096 2515 2290 2563 Con-uit
2314 2528 2410 2576 pro
2432 2513 2563 2562 Hor-

343 2578 447 2627 ruit
469 2580 605 2628 Exc.
647 2580 837 2629 Petav.
874 2585 1028 2642 quart
1031 2582 1207 2628 .-193
1242 2579 1447 2627 Decolor·
1486 2579 1760 2641 legendum
1796 2595 1909 2628 esse
1949 2580 2162 2628 verbum
2196 2579 2412 2628 obscurat
2433 2576 2562 2627 satis

344 2644 523 2693 docet.
545 2644 650 2693 vid.
673 2643 740 2693 ad
763 2646 824 2693 B.
843 2644 1057 2694 Gildon.
1092 2647 1203 2693 192.
1226 2644 1391 2691 solitos
1412 2644 1556 2705 ionga
1571 2645 1761 2694 Moret.
1778 2660 1854 2706 pr.
1874 2646 2004 2693 Exc.
2023 2645 2212 2694 Petav.
2230 2648 2400 2718 quart.
2423 2643 2563 2703 longo

344 2709 473 2758 Put.
486 2709 741 2772 ferrugine
760 2710 894 2758 Exc.
920 2709 1104 2758 Petav.
1125 2714 1291 2772 quart.
1293 2711 1455 2757 *194
1483 2709 1750 2773 pressisque

349 2788 458 2822 sec.
463 2777 623 2823 -196
655 2779 840 2822 certant
861 2773 964 2822 duo
984 2774 1136 2823 Vatt.
1161 2773 1275 2822 Pal.

1769 2711 1980 2759 Florent
1983 2713 2157 2757 .--195
2190 2707 2418 2758 Attonitis
2436 2706 2564 2757 Vnt.

1296 2778 1509 2835 pugnant
1532 2773 1655 2825 Jun.
1680 2789 1781 2824 sec.
1811 2776 2042 2824 chartac.
2068 2772 2251 2824 Heius.
2276 2771 2360 2822 ed.
2386 2773 2564 2822 Parin.

346 2845 404 2886 et
427 2837 600 2889 Vicet.
622 2843 811 2887 tentant
829 2840 974 2888 Vatt.
1002 2838 1101 2886 duo
1125 2838 1247 2886 etd.
1273 2838 1456 2886 Petav.
1482 2853 1561 2901 pr.
1596 2837 1775 2888 Ambr.
1802 2846 1926 2888 tert.
1948 2839 2070 2888 Vat.
2091 2837 2259 2887 Livin.
2283 2837 2416 2887 Cod.
2438 2837 2565 2886 Bar-

346 2903 529 2952 tholin.
530 2906 694 2966 -197
726 2908 782 2951 ut
811 2905 996 2966 pulsato
1035 2903 1138 2952 inc.
1177 2903 1359 2952 Heins.
1394 2905 1531 2951 dorso
1564 2904 1693 2967 Reg.
1725 2903 1893 2953 Oxou.
1928 2919 2008 2967 pr.
2010 2907 2174 2952 -199
2207 2901 2428 2954 Hiberna
2464 2901 2566 2951 inc.

348 2967 535 3018 Heius.
552 2971 740 3032 totoque
761 2968 876 3018 Pal.
903 2969 1087 3017 Petav.
1111 2983 1213 3017 sec.
1238 2967 1320 3017 ed.
1344 2968 1497 3017 Parm
1500 2973 1678 3018 .—-200
1716 2970 1871 3025 Quam
1895 2984 2017 3018 nunc
2052 2983 2147 3034 pro
2172 2968 2416 3024 Quantum
2438 2965 2568 3018 Cod.

1326 3083 1398 3133 Ν
1405 3082 1574 3133 OTAE

415 3198 514 3243 190
549 3195 757 3259 Booten]
778 3196 881 3245 Seu
900 3196 1213 3257 Bubulcum,
1231 3197 1348 3261 qnia
1366 3196 1417 3245 in
1501 3197 1645 3248 dera.

348 3272 561 3323 modum
597 3272 804 3323 bubulci
837 3275 1126 3338 planstrum
1165 3275 1421 3338 sequitur.

1567 3275 1730 3340 Atlas]
1763 3275 1937 3337 Atlas,
1970 3289 2124 3341 quern
2148 3274 2375 3323 Perseus
2396 3270 2570 3334 hospi»

349 3348 560 3397 Dicitur
576 3356 631 3397 et
655 3348 1031 3414 Arctophylax,
1047 3350 1100 3397 id
1125 3357 1225 3410 est,
1243 3357 1420 3399 custos
1498 3354 1630 3401 tium
1657 3354 1755 3402 sibi
1777 3359 2052 3418 negantem
2087 3351 2291 3415 prolato
2314 3348 2571 3411 Gorgonis

350 3424 507 3474 Ursae
526 3440 541 3473 z
579 3426 665 3474 alii
684 3424 868 3476 dicunt
886 3441 1002 3476 eum
1020 3426 1179 3475 fuisse
1197 3426 1425 3490 Iustum,

347 3500 439 3549 alii
464 3498 726 3551 Arcadem
743 3502 779 3553 J
784 3502 892 3552 ovis
911 3510 966 3552 et
984 3504 1224 3552 Callistus
1245 3503 1422 3554 tilium.

351 3577 516 3640 Piger
560 3577 769 3641 dicitur,
813 3579 935 3643 quia
977 3594 1236 3644 nunquam
1281 3586 1423 3628 totus

348 3654 571 3715 occidit,
591 3652 685 3703 sed
720 3655 960 3719 opinione
994 3654 1346 3720 spectantium
1369 3655 1421 3702 in

349 3731 538 3783 iisdem
563 3747 728 3797 prope
753 3734 988 3796 vestigiis
1010 3740 1150 3782 stare
1174 3733 1400 3782 videtur.

419 3813 515 3857 191
553 3808 762 3858 Horruit
795 3810 969 3874 Orion]
1006 3810 1110 3859 Hic
1150 3817 1303 3859 natus
1342 3815 1424 3859 est

352 3898 419 3933 ex
435 3885 598 3933 trium
614 3885 848 3935 Deorum
866 3887 1044 3935 urina:
1067 3887 1291 3937 certavit
1306 3900 1423 3936 cutn

348 3961 649 4025 scorpione,
672 3967 725 4011 et
748 3962 882 4011 inter
898 3963 1069 4012 sidera
1093 3964 1288 4013 relatus
1313 3970 1421 4014 est:

353 4038 442 4088 alii
480 4038 667 4089 dicunt
706 4041 933 4089 occisum
962 4056 993 4089 a
1030 4040 1204 4090 Diana
1238 4041 1428 4105 impru-

356 4115 581 4177 denter;
619 4116 706 4165 alii
731 4119 989 4180 consulto,
1029 4117 1167 4183 quod
1201 4118 1311 4183 ejus
1335 4132 1428 4181 pn-

362 4192 598 4243 dicitiam
655 4200 912 4243 tentaret:
983 4195 1183 4244 horruit
1236 4201 1428 4258 autern,

360 4269 482 4337 quia
505 4271 674 4320 Orion
704 4270 916 4335 ponitur
951 4270 1087 4322 iuter
1118 4270 1330 4321 horrida
1363 4270 1428 4319 si-

1504 3430 1676 3493 capite
1715 3431 1767 3478 in
1791 3437 2021 3479 montem
2045 3426 2322 3487 convertit,
2346 3424 2433 3489 qul
2457 3424 2571 3473 Coe-

1505 3499 1608 3554 lum
1633 3520 1767 3555 nunc
1792 3504 2030 3554 sustinet.

1572 3585 1665 3630 193
1704 3582 1924 3644 Caligine
1953 3578 2112 3644 pasci]
2148 3576 2306 3643 Equis
2328 3575 2572 3628 Plutonis

1505 3664 1622 3705 atra
1639 3657 1828 3707 nebula
1851 3656 2095 3720 pabulum
2113 3659 2212 3704 est.

1572 3739 1667 3785 194
1687 3734 1854 3798 Orbis]
1869 3733 2084 3783 Scilicet
2097 3743 2127 3782 a
2141 3729 2363 3783 rotunda
2377 3728 2573 3794 specie.

1572 3815 1666 3861 197
1709 3809 1938 3874 Verbera]
1972 3795 2471 3874 Plagas,scuticam,
2488 3803 2575 3855 fla-

1509 3888 1664 3951 gella.

1573 3969 1669 4015 198
1703 3964 1859 4014 Solem
1895 3966 2102 4015 didicere
2131 3963 2259 4028 pati]
2313 3960 2398 4012 Ad
2438 3958 2574 4010 Solis

1507 4043 1682 4092 lumen
1707 4042 1973 4091 desierunt
1995 4040 2238 4105 caligare.

1573 4123 1671 4167 200
1702 4118 1928 4166 Jaculnm
1945 4115 2145 4179 Parthi]
2181 4114 2332 4167 Quod
2350 4113 2576 4163 Parthus

1509 4196 1777 4257 excussit,
1814 4195 2038 4245 Parthos
2057 4194 2270 4260 {quippe
2303 4190 2579 4257 jaculandi

1510 4273 1688 4323 studio
1710 4274 1875 4322 claros
1894 4287 2008 4322 esse
2027 4278 2249 4322 constat.
