3034 4934
696 423 795 472 m:
843 423 1097 474 nAe'ru
1150 424 1513 475 rnossnr.
1562 425 1711 475 ms.
1748 426 1828 475 ιι.
1877 424 2215 478 PRAEsAr.
2422 402 2555 475 987

345 566 584 635 Ardua
611 570 868 636 nudato
897 570 1243 639 descendit
1270 570 1564 656 populus
1591 570 1860 650 Haemo,

430 672 521 739 Et
546 676 857 739 comitem
890 694 1204 759 quercum
1233 678 1436 760 pinus
1468 677 1689 740 amica
1716 676 1959 741 trahit:

342 775 819 862 Cirrhaeasque
850 777 983 843 Dei
1012 780 1320 864 quamvis
1349 781 1735 865 despexerit
1765 787 1962 865 artes,

436 878 724 965 Orpheis
750 883 981 948 laurus
1004 885 1289 951 vocibus
1321 891 1472 949 acta
1504 887 1714 951 venit.

345 980 672 1049 Securum
703 986 930 1051 blandi
957 987 1258 1071 leporem
1284 986 1514 1052 fovere
1550 987 1862 1067 Molossi,

435 1082 889 1173 Vicinumque
918 1089 1080 1175 lupo
1109 1091 1612 1174 praebuit-agna
1640 1093 1837 1157 latus.

345 1184 736 1257 Concordes
766 1194 953 1258 varia
978 1193 1215 1259 ludunt
1245 1215 1397 1261 cum
1427 1196 1667 1278 tigride
1691 1196 1942 1277 damae,

439 1291 816 1380 Massylam
846 1297 1027 1364 cervi
1053 1292 1183 1362 non
1215 1299 1492 1363 timuere
1513 1299 1776 1382 jubam.

344 1393 474 1460 Ille
502 1400 888 1464 novercales
916 1401 1247 1481 stimuloS‚
1281 1409 1607 1486 actusque
1636 1402 1923 1467 canebat

436 1497 783 1582 HerculiS‚
811 1510 882 1569 et
908 1492 1066 1568 forti
1094 1510 1392 1570 monstra
1419 1504 1705 1570 subacta
1727 1525 1927 1570 manu
1952 1525 1971 1587 ;

2474 1502 2563 1572 30

343 1674 540 1729 mium
558 1681 788 1730 accusat
816 1681 948 1731 nives
968 1681 1218 1744 frigidas.-
1253 1683 1460 1747 Populus
1479 1681 1635 1733 arbor
1668 1683 1769 1732 alta
1802 1682 2042 1733 deseendit
2082 1681 2256 1732 Haemo
2278 1683 2478 1747 detecto,
2517 1689 2566 1739 et

337 1745 489 1807 pinus
519 1746 672 1794 amica
692 1747 899 1796 attrahit
936 1762 1177 1811 quercum
1187 1748 1377 1810 nnciam,
1423 1753 1471 1797 et
1505 1750 1669 1797 laurus
1704 1751 1908 1811 impulsa
1945 1748 2162 1798 cantibus
2199 1748 2382 1813 Orphei
2418 1750 2570 1812 venit,

336 1811 465 1860 iicet
495 1813 727 1873 spreverit
747 1816 876 1860 artes
900 1811 1142 1861 Cirrhaeas
1177 1813 1276 1862 Dei
1319 1813 1361 1862 Α
1368 1814 1590 1877 pollinis.
1660 1813 1855 1862 Molossi
1874 1829 2012 1862 canes
2032 1814 2320 1864 blandientes
2337 1815 2568 1878 complexi

342 1880 462 1924 sunt
480 1877 680 1939 leporem
701 1876 1010 1941 intrepidum,
1027 1883 1074 1927 et
1095 1878 1197 1927 ovis
1216 1879 1349 1927 dedit
1368 1830 1479 1942 ¹lupo
1500 1880 1629 1927 latus
1645 1881 1989 1943 propinquum:
2017 1881 2168 1928 damoe
2191 1880 2358 1928 ludunt
2381 1894 2564 1928 coneor-

343 1941 480 1990 diter
503 1956 609 1990 eum
631 1942 813 2004 tigride
830 1945 1080 2006 maculoso,
1114 1944 1240 1992 cervi
1259 1959 1350 1993 non
1368 1950 1579 1992 metitum
1593 1944 1764 2005 jubam
1786 1944 1934 1992 leonis
1956 1944 2191 2009 Massyli.-
2221 1944 2300 1992 ille
2321 1944 2566 2007 Orpheus

344 2007 542 2056 canebat
582 2007 705 2056 iram
739 2022 968 2074 uoverm,
1008 2013 1056 2058 et
1081 2008 1245 2075 faeta
1259 2009 1505 2073 Herculis,
1538 2015 1585 2058 et
1625 2013 1833 2059 monstra
1870 2008 1999 2058 ricta
2029 2024 2170 2059 manu
2192 2023 2420 2071 generosa
2442 2009 2569 2076 ejus,

1278 2138 1638 2158 OOOOOOOOOOO

346 2236 458 2274 sec.
480 2222 584 2273 duo
608 2223 780 2274 Oxou.
805 2224 967 2276 chart.
993 2224 1179 2275 Heius.
1233 2225 1276 2274 C
1275 2224 1542 2291 yrrhoet‘que
1560 2226 1722 2275 Vat.
1701 2239 1806 2276 s.ec
1826 2225 1978 2276 Voss.
1999 2238 2102 2274 sec.
2152 2224 2466 2287 Cir-rhenoque
2485 2223 2571 2274 vel

351 2289 665 2353 Cyrrhaeique
683 2290 807 2341 Jun.
830 2306 912 2354 pr.
947 2289 1218 2354 despexerit
1241 2240 1370 2340 Exe.
1384 2288 1545 2342 Laeti.
1590 2293 1870 2355 despexerat
1893 2290 1998 2340 duo
2016 2291 2161 2340 Vatt.
2198 2288 2327 2339 eod.
2355 2289 2573 2339 Bartho-

337 2352 442 2404 lin.
464 2355 591 2418 Reg.
617 2355 804 2408 Petav.
828 2363 952 2407 tert.
976 2358 1126 2407 Voss.
1149 2371 1228 2420 pr.
1249 2356 1352 2407 duo
1374 2355 1548 2406 Oxon.
1582 2371 1713 2407 arces
1735 2370 1830 2420 pro
1850 2361 1981 2405 artes
1998 2355 2102 2404 duo
2124 2356 2273 2405 Vatt.
2298 2355 2420 2406 etd.
2453 2354 2574 2405 Pal.

349 2419 456 2469 duo
483 2420 627 2473 Med.
650 2419 834 2471 Heius.
858 2422 928 2472 H.
965 2428 1020 2472 et
1059 2423 1162 2472 inc.
1185 2423 1348 2487 ejusd.
1372 2422 1575 2471 Bonon.
1596 2422 1803 2472 'lholos.
1826 2422 1956 2471 Cod.
1977 2421 2268 2471 Bartholin.
2292 2421 2374 2470 ed.
2398 2420 2572 2471 Parm.

350 2490 410 2539 et
429 2486 604 2536 Vicet.
605 2490 736 2537 ——24
775 2487 981 2552 Orpheis
997 2487 1184 2537 Petav.
1209 2502 1288 2551 pr.
1312 2489 1441 2537 Exe.
1464 2487 1655 2539 Petav.
1676 2493 1846 2551 quart.
1882 2489 2007 2537 Var.
2030 2487 2136 2536 LL.
2160 2500 2191 2534 e
2214 2500 2374 2548 marg.
2401 2487 2574 2535 Parm.

288 2560 294 2565 ·
355 2551 430 2599 Or
425 2552 538 2615 plzen*
562 2560 668 2602 tres
689 2554 836 2603 Vatt.
859 2553 988 2602 etd.
1010 2553 1121 2605 Pal.
1143 2553 1372 2602 Florent.
1395 2552 1498 2601 duo
1532 2553 1679 2603 Med.
1704 2553 1807 2601 duo
1826 2551 2009 2602 Heins.
2032 2559 2090 2601 et
2112 2565 2216 2601 me
2239 2550 2406 2614 ejusd.
2446 2551 2573 2600 Put-

350 2617 486 2681 Reg.
512 2618 701 2668 PetaV.
723 2626 848 2668 tert.
871 2619 1076 2668 Bonon.
1097 2619 1308 2668 I'holoS.
1344 2617 1470 2668 Jun.
1494 2624 1554 2666 et
1573 2619 1725 2668 Voss.
1748 2632 1825 2681 pr.
1862 2617 1963 2666 duo
1987 2616 2161 2666 Oxou.
2187 2615 2272 2664 ed.
2305 2615 2481 2665 Parm.
2517 2621 2577 2665 e't

349 2683 524 2732 Vicet'.
577 2698 686 2733 voce
705 2689 866 2733 coacta
904 2699 1000 2747 pro
1023 2683 1214 2733 vocibus
1233 2688 1340 2732 actu
1363 2684 1487 2732 Vat.
1511 2681 1567 2731 d.
1615 2681 1803 2732 vocibus
1822 2688 1939 2746 apia
1977 2682 2206 2734 chartac.
2233 2681 2415 2730 Heins-
2468 2684 2579 2730 aeta

352 2747 479 2797 Put.
514 2749 645 2812 Reg.
675 2748 778 2798 duo
813 2749 1000 2799 Petav.
1042 2750 1239 2799 Bouon.
1279 2748 1465 2799 Ambr.
1503 2754 1629 2797 tert.
1665 2749 1797 2797 Exc.
1841 2748 2028 2797 Petav.
2052 2753 2222 2811 quart
2256 2746 2381 2796 Var.
2403 2745 2506 2796 LI..
2547 2759 2577 2793 e

351 2828 515 2876 marg.
540 2814 715 2865 Parm.
717 2819 845 2864 -25
883 2816 1058 2864 Μοῖσαι·
1079 2814 1207 2865 Put.
1230 2815 1363 2878 Reg.
1389 2814 1573 2863 PetaV.
1595 2820 1715 2863 tert.
1738 2814 1869 2864 Exc.
1899 2812 2089 2861 Petav.
2151 2819 2284 2860 uart.
2288 2815 2419 2861 -26
2450 2812 2578 2863 lam

345 2879 705 2956 praebuitagm
740 2880 862 2943 lupis
881 2880 1004 2933 Jun.
1031 2895 1112 2944 pr.
1164 2881 1294 2928 latus
1313 2877 1795 2942 praebuitugnalupo
1817 2878 1920 2928 duo
1939 2878 2090 2928 Vatt.
2114 2827 2284 2940 qReg.
2299 2876 2472 2927 Oxou.

348 2948 484 2994 —27
519 2945 651 2994 varie
680 2945 804 2995 Vat.
847 2945 998 3009 quint
1001 2949 1145 2996 .-28
1181 2945 1447 3010 Massylam
1487 2945 1593 2993 ine.
1623 2943 1808 2994 Heius.
1874 2942 2159 3020 Massyliam
2196 2943 2431 2992 Florent.
2512 2944 2577 2989 uo

348 3007 505 3060 Med.
527 3010 715 3059 Heius.
734 3010 805 3060 H.
828 3011 950 3061 Put.
970 3012 1097 3063 Jun.
1122 3025 1230 3060 sec.
1256 3012 1382 3060 Exc.
1405 3010 1599 3069 Petam
1622 3015 1795 3073 quart.
1830 3008 1918 3058 ed.
1940 3008 2118 3058 Vicet.
2169 3008 2452 3056 Messanam
2473 3005 2579 3055 Pe·
2579 3016 2593 3029 ³

346 3082 459 3128 fftav
481 3089 586 3128 sec.
622 3077 891 3126 Massiliam
915 3077 1039 3130 Jun.
1059 3090 1141 3141 pr.
1163 3078 1317 3126 Voss.
1338 3088 1418 3140 pr.
1450 3090 1601 3124 σανα
1615 3075 1741 3125 vat.
1764 3081 1940 3140 quart.
1943 3076 2075 3124 —29
2106 3073 2407 3137 stimulosque
2430 3071 2575 3122 char

1365 3240 1581 3293 NOTAE

1507 3371 1632 3421 mihi
1655 3371 1764 3422 vita
1793 3370 2042 3431 manebit,
2065 3369 2197 3421 Cum
2224 3381 2417 3433 pecore
2439 3364 2582 3417 infir-

1507 3465 1594 3500 mo
1615 3466 1736 3516 quae
1755 3450 1889 3500 solet
1914 3463 2028 3499 esse
2050 3446 2220 3512 lupis.'

1572 3525 1743 3590 Agim]
1799 3528 1934 3580 Quae
1954 3532 2009 3576 et
2031 3531 2190 3575 aetate
2222 3530 2278 3575 et
2313 3539 2441 3575 sexu
2477 3521 2580 3577 for-

1507 3603 1831 3654 midolosior.

350 3394 357 3399 ·
419 3380 487 3427 21
524 3376 716 3440 Haemo]
761 3375 980 3426 Haemus
1002 3388 1149 3424 mons
1172 3371 1428 3436 Thracioe,

358 3452 427 3502 de
451 3467 554 3518 quo
569 3467 743 3517 snpra.

422 3535 490 3596 22
523 3531 680 3580 Pinus
700 3530 877 3594 amica]
909 3531 1074 3580 Pinus
1108 3536 1166 3579 et
1203 3543 1428 3594 quercus

359 3607 529 3657 ambas
553 3613 673 3656 sunt
704 3607 756 3656 in
779 3608 945 3656 tutela
968 3605 1224 3671 Cybeles:
1259 3604 1353 3656 sed
1373 3611 1429 3655 et

340 3698 589 3749 -quercus
608 3698 758 3734 sacra
781 3685 936 3733 etiam
955 3690 1032 3733 est
1048 3683 1188 3737 Jovi.

420 3764 488 3809 23
526 3760 794 3825 Cirrhoeas]
829 3761 1016 3811 Cirrha
1047 3767 1129 3810 est
1151 3759 1272 3810 urbs
1294 3758 1432 3809 Pho·

359 3830 515 3899 cidis,
557 3852 706 3888 saera
740 3836 989 3903 Apollini.
1074 3837 1332 3900 Cirrhoeas,
1375 3836 1429 3885 id

358 3921 459 3980 est,
481 3914 804 3979 Apollineas.

420 3995 488 4042 24
520 3991 737 4055 Laurus]
771 3992 896 4042 Fuit
911 3993 1034 4045 olim
1055 3987 1294 4057 Daphne,
1315 4005 1430 4055 qure

360 4068 642 4119 contemsit
667 4076 806 4120 artes
829 4076 886 4120 et
904 4076 1089 4120 cantus
1110 4068 1388 4135 Apollinis.

340 4178 354 4187 -
424 4150 488 4197 25
524 4145 747 4209 Motossi]
803 4147 977 4197 Canes
1013 4146 1161 4212 Epiri
1204 4145 1430 4199 Graeciae

361 4221 606 4285 regionis,
636 4222 776 4287 iique
799 4221 975 4275 validi.

426 4304 493 4349 26
525 4299 686 4375 Lupo]
718 4298 941 4368 Ovidius
971 4299 1038 4353 de
1077 4313 1134 4350 re
1169 4313 1275 4357 nou
1312 4312 1428 4364 pos-

1574 3685 1642 3749 2⁷.
1678 3681 1877 3745 Damoe]
1900 3682 2031 3731 Sunt
2051 3681 2335 3745 sylvestres
2359 3692 2582 3751 eapreae.

1576 3763 1642 3809 28
1676 3758 1964 3824 Massylam]
2008 3758 2262 3823 Massylia
2282 3764 2363 3807 est
2385 3756 2582 3809 Afrieae

1510 3836 1675 3899 regio,
1696 3836 1747 3884 in
1773 3851 1875 3900 qua
1899 3844 2021 3884 suut
2042 3835 2218 3885 leones
2238 3834 2431 3900 insigni
2446 3847 2590 3901 mag·

1509 3913 1748 3964 nitudine
1772 3921 1826 3964 et
1850 3912 2151 3964 ferocitate.

1575 3996 1642 4040 29
1710 3991 1994 4040 Nouercales
2034 3990 2273 4054 stimulos]
2339 3990 2585 4043 Stimulos

1511 4068 1630 4131 irae,
1652 4067 1778 4130 odii,
1819 4068 2004 4132 quibus
2026 4068 2168 4119 Juno
2198 4083 2422 4118 noverea
2441 4067 2584 4117 exci-

1514 4146 1757 4197 tabatur
1744 4161 1798 4195 ιιι
1822 4146 2107 4197 Herculem
2140 4145 2313 4197 mariti
2347 4145 2495 4197 Jovis
2527 4143 2586 4197 fi·

1510 4223 1639 4272 lium
1663 4223 1968 4275 naturalem.

1578 4303 1644 4351 30
1677 4298 1922 4362 Monstra]
1967 4266 2229 4362 Intelligit
2266 4303 2506 4353 monstra
2528 4304 2610 4349 et

362 4379 534 4431 sibili.
569 4380 586 4407 ‘
610 4380 728 4430 Pax
765 4378 868 4429 erit
904 4379 1019 4429 haee
1048 4377 1218 4443 nobis,
1257 4377 1425 4429 donec
1507 4382 1753 4443 tyrannos
1787 4376 2037 4426 immanes
2076 4375 2312 4427 devictos
2346 4375 2409 4424 ab
2435 4374 2573 4425 Her-
