<?xml version="1.0" encoding="UTF-8"?>
<!DOCTYPE html PUBLIC "-//W3C//DTD XHTML 1.0 Transitional//EN"
    "http://www.w3.org/TR/xhtml1/DTD/xhtml1-transitional.dtd">
<html xmlns="http://www.w3.org/1999/xhtml" xml:lang="en" lang="en">
 <head>
  <title>
</title>
<meta http-equiv="Content-Type" content="text/html;charset=utf-8" />
  <meta name='ocr-system' content='tesseract 3.04.00' />
  <meta name='ocr-capabilities' content='ocr_page ocr_carea ocr_par ocr_line ocrx_word'/>
</head>
<body>
  <div class='ocr_page' id='page_1' title='image "./operaomnia02claugoog/operaomnia02claugoog_0616.png"; bbox 0 0 3034 4934; ppageno 0'>
   <div class='ocr_carea' id='block_1_1' title="bbox 537 379 718 458">
    <p class='ocr_par' dir='ltr' id='par_1_1' title="bbox 537 379 718 458">
     <span class='ocr_line' id='line_1_1' title="bbox 537 379 718 458; baseline 0 -4"><span class='ocrx_word' id='word_1_1' title='bbox 537 379 718 458; x_wconf 61' lang='lat' dir='ltr'><strong>m</strong></span> 
     </span>
    </p>
   </div>
   <div class='ocr_carea' id='block_1_2' title="bbox 528 535 1623 1837">
    <p class='ocr_par' dir='ltr' id='par_1_2' title="bbox 529 535 1605 763">
     <span class='ocr_line' id='line_1_2' title="bbox 536 535 1605 607; baseline 0.001 -16"><span class='ocrx_word' id='word_1_2' title='bbox 536 542 691 607; x_wconf 82' lang='lat' dir='ltr'><strong>genio</strong></span> <span class='ocrx_word' id='word_1_3' title='bbox 713 535 1003 605; x_wconf 84' lang='lat' dir='ltr'><strong>intelligit·</strong></span> <span class='ocrx_word' id='word_1_4' title='bbox 1037 540 1271 596; x_wconf 80' lang='lat' dir='ltr'><strong>meminit</strong></span> <span class='ocrx_word' id='word_1_5' title='bbox 1294 541 1560 606; x_wconf 83' lang='lat' dir='ltr'><strong>ejusdem‘</strong></span> <span class='ocrx_word' id='word_1_6' title='bbox 1547 556 1605 592; x_wconf 72' lang='lat' dir='ltr'><strong>nn</strong></span> 
     </span>
     <span class='ocr_line' id='line_1_3' title="bbox 529 618 1602 682; baseline -0.004 -10"><span class='ocrx_word' id='word_1_7' title='bbox 529 632 625 672; x_wconf 84' lang='lat' dir='ltr'><strong>m.</strong></span> <span class='ocrx_word' id='word_1_8' title='bbox 668 625 724 670; x_wconf 90' lang='lat' dir='ltr'><strong>et</strong></span> <span class='ocrx_word' id='word_1_9' title='bbox 766 620 1161 670; x_wconf 59' lang='lat' dir='ltr'><strong>inconsolatus</strong></span> <span class='ocrx_word' id='word_1_10' title='bbox 1197 618 1438 682; x_wconf 81' lang='lat' dir='ltr'><strong>Honorii‚</strong></span> <span class='ocrx_word' id='word_1_11' title='bbox 1465 619 1602 669; x_wconf 87' lang='lat' dir='ltr'><strong>aliis-</strong></span> 
     </span>
     <span class='ocr_line' id='line_1_4' title="bbox 535 696 1016 763; baseline -0.002 -15"><span class='ocrx_word' id='word_1_12' title='bbox 535 711 635 763; x_wconf 80' lang='lat' dir='ltr'><strong>que</strong></span> <span class='ocrx_word' id='word_1_13' title='bbox 658 696 1016 761; x_wconf 81' lang='lat' dir='ltr'><strong>Panegyricis.</strong></span> 
     </span>
    </p>

    <p class='ocr_par' dir='ltr' id='par_1_3' title="bbox 533 773 1623 1144">
     <span class='ocr_line' id='line_1_5' title="bbox 547 773 1623 840; baseline -0.001 -14.949"><span class='ocrx_word' id='word_1_14' title='bbox 547 774 899 838; x_wconf 66' lang='lat' dir='ltr'><strong>Mensaque</strong></span> <span class='ocrx_word' id='word_1_15' title='bbox 918 790 1066 840; x_wconf 71' lang='lat' dir='ltr'><strong>reg-mi</strong></span> <span class='ocrx_word' id='word_1_16' title='bbox 1085 774 1359 838; x_wconf 67' lang='lat' dir='ltr'><strong>Hesperios]</strong></span> <span class='ocrx_word' id='word_1_17' title='bbox 1395 774 1481 824; x_wconf 88' lang='lat' dir='ltr'><strong>Ab</strong></span> <span class='ocrx_word' id='word_1_18' title='bbox 1498 773 1623 824; x_wconf 87' lang='lat' dir='ltr'><strong>Ar-</strong></span> 
     </span>
     <span class='ocr_line' id='line_1_6' title="bbox 533 852 1599 917; baseline -0.002 -15"><span class='ocrx_word' id='word_1_19' title='bbox 533 852 773 917; x_wconf 84' lang='lat' dir='ltr'><strong>bogasto,</strong></span> <span class='ocrx_word' id='word_1_20' title='bbox 795 866 883 902; x_wconf 91' lang='lat'><strong>111.</strong></span> <span class='ocrx_word' id='word_1_21' title='bbox 908 853 1111 903; x_wconf 84' lang='lat' dir='ltr'><strong>Cons.‘</strong></span> <span class='ocrx_word' id='word_1_22' title='bbox 1135 852 1279 902; x_wconf 84' lang='lat' dir='ltr'>Proh</span> <span class='ocrx_word' id='word_1_23' title='bbox 1300 853 1496 902; x_wconf 80' lang='lat' dir='ltr'><strong>crimen</strong></span> <span class='ocrx_word' id='word_1_24' title='bbox 1517 867 1599 901; x_wconf 88' lang='lat' dir='ltr'><strong>su·</strong></span> 
     </span>
     <span class='ocr_line' id='line_1_7' title="bbox 533 928 1601 994; baseline -0.001 -16"><span class='ocrx_word' id='word_1_25' title='bbox 533 943 738 993; x_wconf 88' lang='lat' dir='ltr'><strong>perum,</strong></span> <span class='ocrx_word' id='word_1_26' title='bbox 771 930 911 994; x_wconf 84' lang='lat' dir='ltr'><strong>longi</strong></span> <span class='ocrx_word' id='word_1_27' title='bbox 936 929 1063 993; x_wconf 73' lang='lat' dir='ltr'><strong>proli</strong></span> <span class='ocrx_word' id='word_1_28' title='bbox 1086 928 1314 979; x_wconf 79' lang='lat' dir='ltr'>dedecus</span> <span class='ocrx_word' id='word_1_29' title='bbox 1338 928 1453 992; x_wconf 84' lang='lat' dir='ltr'><strong>aevi,</strong></span> <span class='ocrx_word' id='word_1_30' title='bbox 1473 930 1601 978; x_wconf 88' lang='lat' dir='ltr'><strong>Bar·</strong></span> 
     </span>
     <span class='ocr_line' id='line_1_8' title="bbox 533 1004 1598 1071; baseline 0 -16"><span class='ocrx_word' id='word_1_31' title='bbox 533 1004 688 1056; x_wconf 90' lang='lat' dir='ltr'><strong>barus</strong></span> <span class='ocrx_word' id='word_1_32' title='bbox 711 1006 997 1071; x_wconf 82' lang='lat' dir='ltr'><strong>Hesperias</strong></span> <span class='ocrx_word' id='word_1_33' title='bbox 1021 1006 1165 1055; x_wconf 80' lang='lat' dir='ltr'><strong>exsul</strong></span> <span class='ocrx_word' id='word_1_34' title='bbox 1188 1006 1489 1070; x_wconf 73' lang='lat' dir='ltr'><strong>possederat</strong></span> <span class='ocrx_word' id='word_1_35' title='bbox 1514 1021 1598 1055; x_wconf 84' lang='lat' dir='ltr'><strong>ur-</strong></span> 
     </span>
     <span class='ocr_line' id='line_1_9' title="bbox 533 1080 768 1144; baseline -0.004 -12"><span class='ocrx_word' id='word_1_36' title='bbox 533 1080 665 1144; x_wconf 87' lang='lat' dir='ltr'><strong>bes,’</strong></span> <span class='ocrx_word' id='word_1_37' title='bbox 687 1085 768 1131; x_wconf 79' lang='lat' dir='ltr'><strong>&amp;c</strong></span> 
     </span>
    </p>

    <p class='ocr_par' dir='ltr' id='par_1_4' title="bbox 528 1159 1598 1760">
     <span class='ocr_line' id='line_1_10' title="bbox 597 1159 1596 1225; baseline 0.002 -16"><span class='ocrx_word' id='word_1_38' title='bbox 597 1164 630 1209; x_wconf 82' lang='lat'>2</span> <span class='ocrx_word' id='word_1_39' title='bbox 665 1161 873 1225; x_wconf 79' lang='lat' dir='ltr'><strong>Merita]</strong></span> <span class='ocrx_word' id='word_1_40' title='bbox 919 1159 1165 1211; x_wconf 79' lang='lat' dir='ltr'><strong>Victoriis</strong></span> <span class='ocrx_word' id='word_1_41' title='bbox 1184 1161 1321 1210; x_wconf 86' lang='lat' dir='ltr'><strong>enim</strong></span> <span class='ocrx_word' id='word_1_42' title='bbox 1345 1160 1477 1210; x_wconf 90' lang='lat' dir='ltr'><strong>adiri</strong></span> <span class='ocrx_word' id='word_1_43' title='bbox 1494 1176 1596 1211; x_wconf 86' lang='lat' dir='ltr'><strong>coe·</strong></span> 
     </span>
     <span class='ocr_line' id='line_1_11' title="bbox 530 1236 1596 1301; baseline 0 -15"><span class='ocrx_word' id='word_1_44' title='bbox 530 1237 694 1288; x_wconf 89' lang='lat' dir='ltr'><strong>lestes</strong></span> <span class='ocrx_word' id='word_1_45' title='bbox 732 1236 882 1285; x_wconf 87' lang='lat' dir='ltr'><strong>sedes</strong></span> <span class='ocrx_word' id='word_1_46' title='bbox 926 1236 1147 1300; x_wconf 80' lang='lat' dir='ltr'><strong>gentiles</strong></span> <span class='ocrx_word' id='word_1_47' title='bbox 1195 1236 1497 1301; x_wconf 78' lang='lat' dir='ltr'><strong>censebant,</strong></span> <span class='ocrx_word' id='word_1_48' title='bbox 1529 1252 1596 1286; x_wconf 86' lang='lat' dir='ltr'><strong>ex</strong></span> 
     </span>
     <span class='ocr_line' id='line_1_12' title="bbox 534 1313 1598 1402; baseline -0.001 -39"><span class='ocrx_word' id='word_1_49' title='bbox 534 1328 750 1380; x_wconf 86' lang='lat' dir='ltr'><strong>quornm</strong></span> <span class='ocrx_word' id='word_1_50' title='bbox 794 1314 1049 1376; x_wconf 75' lang='lat' dir='ltr'><strong>dogmatis</strong></span> <span class='ocrx_word' id='word_1_51' title='bbox 1097 1314 1289 1379; x_wconf 89' lang='lat' dir='ltr'><strong>ubique</strong></span> <span class='ocrx_word' id='word_1_52' title='bbox 1328 1314 1488 1363; x_wconf 89' lang='lat' dir='ltr'><strong>etiam</strong></span> <span class='ocrx_word' id='word_1_53' title='bbox 1529 1313 1598 1402; x_wconf 54' lang='lat'><strong>‘¹9</strong></span> 
     </span>
     <span class='ocr_line' id='line_1_13' title="bbox 531 1465 1598 1531; baseline -0.003 -14"><span class='ocrx_word' id='word_1_54' title='bbox 531 1466 629 1517; x_wconf 87' lang='lat' dir='ltr'><strong>bus</strong></span> <span class='ocrx_word' id='word_1_55' title='bbox 661 1466 895 1531; x_wconf 84' lang='lat' dir='ltr'><strong>loquitur</strong></span> <span class='ocrx_word' id='word_1_56' title='bbox 926 1466 1257 1516; x_wconf 78' lang='lat' dir='ltr'><strong>Claudianus.</strong></span> <span class='ocrx_word' id='word_1_57' title='bbox 1324 1466 1408 1514; x_wconf 93' lang='lat' dir='ltr'><strong>De</strong></span> <span class='ocrx_word' id='word_1_58' title='bbox 1451 1465 1598 1529; x_wconf 86' lang='lat' dir='ltr'><strong>Sapi-</strong></span> 
     </span>
     <span class='ocr_line' id='line_1_14' title="bbox 531 1541 1597 1605; baseline -0.003 -11"><span class='ocrx_word' id='word_1_59' title='bbox 531 1543 740 1594; x_wconf 87' lang='lat' dir='ltr'><strong>entibus</strong></span> <span class='ocrx_word' id='word_1_60' title='bbox 785 1543 923 1592; x_wconf 89' lang='lat' dir='ltr'><strong>idem</strong></span> <span class='ocrx_word' id='word_1_61' title='bbox 964 1548 1078 1591; x_wconf 90' lang='lat' dir='ltr'><strong>erat</strong></span> <span class='ocrx_word' id='word_1_62' title='bbox 1108 1541 1385 1605; x_wconf 84' lang='lat' dir='ltr'><strong>judicium,</strong></span> <span class='ocrx_word' id='word_1_63' title='bbox 1424 1541 1597 1592; x_wconf 84' lang='lat' dir='ltr'><strong>studio</strong></span> 
     </span>
     <span class='ocr_line' id='line_1_15' title="bbox 531 1618 1596 1682; baseline -0.002 -13"><span class='ocrx_word' id='word_1_64' title='bbox 531 1619 670 1669; x_wconf 91' lang='lat' dir='ltr'><strong>enim</strong></span> <span class='ocrx_word' id='word_1_65' title='bbox 690 1619 971 1682; x_wconf 81' lang='lat' dir='ltr'><strong>Sapientiae</strong></span> <span class='ocrx_word' id='word_1_66' title='bbox 1008 1619 1198 1668; x_wconf 89' lang='lat' dir='ltr'><strong>mereri</strong></span> <span class='ocrx_word' id='word_1_67' title='bbox 1220 1618 1454 1667; x_wconf 89' lang='lat' dir='ltr'><strong>coelestia</strong></span> <span class='ocrx_word' id='word_1_68' title='bbox 1469 1624 1596 1667; x_wconf 89' lang='lat' dir='ltr'><strong>tem·</strong></span> 
     </span>
     <span class='ocr_line' id='line_1_16' title="bbox 528 1695 1188 1760; baseline -0.005 -14"><span class='ocrx_word' id='word_1_69' title='bbox 528 1697 620 1760; x_wconf 87' lang='lat' dir='ltr'><strong>pla</strong></span> <span class='ocrx_word' id='word_1_70' title='bbox 641 1696 974 1760; x_wconf 89' lang='lat' dir='ltr'><strong>putabantur.</strong></span> <span class='ocrx_word' id='word_1_71' title='bbox 1008 1695 1188 1744; x_wconf 71' lang='lat' dir='ltr'><strong>Barth.</strong></span> 
     </span>
    </p>

    <p class='ocr_par' dir='ltr' id='par_1_5' title="bbox 593 1772 1596 1837">
     <span class='ocr_line' id='line_1_17' title="bbox 593 1772 1596 1837; baseline -0.001 -14"><span class='ocrx_word' id='word_1_72' title='bbox 593 1779 624 1823; x_wconf 75' lang='lat'><em>8</em></span> <span class='ocrx_word' id='word_1_73' title='bbox 657 1772 847 1836; x_wconf 78' lang='lat' dir='ltr'><strong>Sidere]</strong></span> <span class='ocrx_word' id='word_1_74' title='bbox 872 1773 1198 1836; x_wconf 77' lang='lat' dir='ltr'><strong>Apotheosin</strong></span> <span class='ocrx_word' id='word_1_75' title='bbox 1217 1772 1464 1837; x_wconf 87' lang='lat' dir='ltr'><strong>intelligit</strong></span> <span class='ocrx_word' id='word_1_76' title='bbox 1479 1773 1596 1823; x_wconf 90' lang='lat' dir='ltr'><strong>Cla·</strong></span> 
     </span>
    </p>
   </div>
   <div class='ocr_carea' id='block_1_3' title="bbox 530 1850 1611 1915">
    <p class='ocr_par' dir='ltr' id='par_1_6' title="bbox 530 1850 1611 1915">
     <span class='ocr_line' id='line_1_18' title="bbox 530 1850 1611 1915; baseline -0.001 -15"><span class='ocrx_word' id='word_1_77' title='bbox 530 1851 734 1912; x_wconf 54' lang='lat' dir='ltr'><strong>verium</strong></span> <span class='ocrx_word' id='word_1_78' title='bbox 757 1852 904 1915; x_wconf 83' lang='lat' dir='ltr'><strong>cujus</strong></span> <span class='ocrx_word' id='word_1_79' title='bbox 921 1850 1212 1913; x_wconf 83' lang='lat' dir='ltr'><strong>opinionem</strong></span> <span class='ocrx_word' id='word_1_80' title='bbox 1237 1858 1409 1900; x_wconf 83' lang='lat' dir='ltr'><strong>tamen</strong></span> <span class='ocrx_word' id='word_1_81' title='bbox 1441 1850 1611 1913; x_wconf 83' lang='lat' dir='ltr'><strong>vulgo·</strong></span> 
     </span>
    </p>
   </div>
   <div class='ocr_carea' id='block_1_4' title="bbox 521 1927 1599 3690">
    <p class='ocr_par' dir='ltr' id='par_1_7' title="bbox 521 1927 1599 3690">
     <span class='ocr_line' id='line_1_19' title="bbox 528 1927 1596 1992; baseline -0.002 -14"><span class='ocrx_word' id='word_1_82' title='bbox 528 1928 740 1979; x_wconf 75' lang='lat' dir='ltr'><strong>haesisse</strong></span> <span class='ocrx_word' id='word_1_83' title='bbox 759 1929 930 1992; x_wconf 81' lang='lat' dir='ltr'><strong>potins</strong></span> <span class='ocrx_word' id='word_1_84' title='bbox 963 1941 1117 1992; x_wconf 85' lang='lat' dir='ltr'><strong>quam</strong></span> <span class='ocrx_word' id='word_1_85' title='bbox 1133 1927 1449 1978; x_wconf 82' lang='lat' dir='ltr'><strong>ceremonias</strong></span> <span class='ocrx_word' id='word_1_86' title='bbox 1466 1929 1596 1990; x_wconf 84' lang='lat' dir='ltr'><strong>pris·</strong></span> 
     </span>
     <span class='ocr_line' id='line_1_20' title="bbox 530 2003 1596 2070; baseline -0.002 -15"><span class='ocrx_word' id='word_1_87' title='bbox 530 2017 618 2055; x_wconf 83' lang='lat' dir='ltr'><strong>cas</strong></span> <span class='ocrx_word' id='word_1_88' title='bbox 642 2021 734 2056; x_wconf 89' lang='lat' dir='ltr'><strong>usu</strong></span> <span class='ocrx_word' id='word_1_89' title='bbox 755 2004 1113 2070; x_wconf 85' lang='lat' dir='ltr'><strong>frequentatas</strong></span> <span class='ocrx_word' id='word_1_90' title='bbox 1150 2004 1246 2054; x_wconf 88' lang='lat' dir='ltr'><strong>sub</strong></span> <span class='ocrx_word' id='word_1_91' title='bbox 1275 2003 1596 2067; x_wconf 88' lang='lat' dir='ltr'><strong>principibus</strong></span> 
     </span>
     <span class='ocr_line' id='line_1_21' title="bbox 530 2081 1597 2132; baseline -0.002 -1"><span class='ocrx_word' id='word_1_92' title='bbox 530 2082 666 2131; x_wconf 81' lang='lat' dir='ltr'><strong>serio</strong></span> <span class='ocrx_word' id='word_1_93' title='bbox 690 2081 996 2132; x_wconf 80' lang='lat' dir='ltr'><strong>Christianis</strong></span> <span class='ocrx_word' id='word_1_94' title='bbox 1013 2081 1262 2131; x_wconf 79' lang='lat' dir='ltr'><strong>credibile</strong></span> <span class='ocrx_word' id='word_1_95' title='bbox 1283 2087 1386 2132; x_wconf 86' lang='lat' dir='ltr'><strong>est.</strong></span> <span class='ocrx_word' id='word_1_96' title='bbox 1427 2082 1597 2130; x_wconf 87' lang='lat' dir='ltr'><strong>Theo·</strong></span> 
     </span>
     <span class='ocr_line' id='line_1_22' title="bbox 530 2159 1596 2223; baseline -0.002 -13"><span class='ocrx_word' id='word_1_97' title='bbox 530 2159 676 2210; x_wconf 82' lang='lat' dir='ltr'><strong>dosio</strong></span> <span class='ocrx_word' id='word_1_98' title='bbox 699 2166 872 2210; x_wconf 87' lang='lat' dir='ltr'><strong>autem</strong></span> <span class='ocrx_word' id='word_1_99' title='bbox 889 2161 1183 2210; x_wconf 77' lang='lat' dir='ltr'><strong>decedente</strong></span> <span class='ocrx_word' id='word_1_100' title='bbox 1211 2161 1324 2223; x_wconf 86' lang='lat' dir='ltr'><strong>jam</strong></span> <span class='ocrx_word' id='word_1_101' title='bbox 1346 2160 1596 2209; x_wconf 84' lang='lat' dir='ltr'><strong>Basilicas</strong></span> 
     </span>
     <span class='ocr_line' id='line_1_23' title="bbox 527 2235 1599 2301; baseline 0.002 -16"><span class='ocrx_word' id='word_1_102' title='bbox 527 2235 802 2301; x_wconf 88' lang='lat' dir='ltr'><strong>plerasque</strong></span> <span class='ocrx_word' id='word_1_103' title='bbox 827 2252 1002 2286; x_wconf 84' lang='lat' dir='ltr'><strong>omnes</strong></span> <span class='ocrx_word' id='word_1_104' title='bbox 1033 2237 1281 2287; x_wconf 90' lang='lat' dir='ltr'><strong>tenebant</strong></span> <span class='ocrx_word' id='word_1_105' title='bbox 1313 2236 1599 2288; x_wconf 82' lang='lat' dir='ltr'><strong>Antistites</strong></span> 
     </span>
     <span class='ocr_line' id='line_1_24' title="bbox 528 2312 1598 2377; baseline -0.002 -15"><span class='ocrx_word' id='word_1_106' title='bbox 528 2312 824 2375; x_wconf 73' lang='lat' dir='ltr'><strong>Christiani,</strong></span> <span class='ocrx_word' id='word_1_107' title='bbox 844 2328 943 2363; x_wconf 91' lang='lat' dir='ltr'><strong>nec</strong></span> <span class='ocrx_word' id='word_1_108' title='bbox 964 2315 1260 2377; x_wconf 68' lang='lat' dir='ltr'><strong>superstitio</strong></span> <span class='ocrx_word' id='word_1_109' title='bbox 1280 2313 1598 2363; x_wconf 86' lang='lat' dir='ltr'><strong>consecrati-</strong></span> 
     </span>
     <span class='ocr_line' id='line_1_25' title="bbox 528 2389 1529 2453; baseline 0.002 -15"><span class='ocrx_word' id='word_1_110' title='bbox 528 2392 680 2438; x_wconf 85' lang='lat' dir='ltr'><strong>onnin</strong></span> <span class='ocrx_word' id='word_1_111' title='bbox 703 2392 1030 2453; x_wconf 80' lang='lat' dir='ltr'><strong>Pagauarnm</strong></span> <span class='ocrx_word' id='word_1_112' title='bbox 1054 2396 1345 2453; x_wconf 76' lang='lat' dir='ltr'><strong>supererat.</strong></span> <span class='ocrx_word' id='word_1_113' title='bbox 1380 2389 1529 2440; x_wconf 71' lang='lat' dir='ltr'><strong>Idm.</strong></span> 
     </span>
     <span class='ocr_line' id='line_1_26' title="bbox 595 2464 1598 2530; baseline 0 -14"><span class='ocrx_word' id='word_1_114' title='bbox 595 2466 795 2527; x_wconf 66' lang='lat' dir='ltr'><strong>Adieeto</strong></span> <span class='ocrx_word' id='word_1_115' title='bbox 814 2466 991 2529; x_wconf 75' lang='lat' dir='ltr'><strong>sidera]</strong></span> <span class='ocrx_word' id='word_1_116' title='bbox 1026 2466 1199 2516; x_wconf 87' lang='lat' dir='ltr'><strong>Valer.</strong></span> <span class='ocrx_word' id='word_1_117' title='bbox 1223 2464 1598 2530; x_wconf 71' lang='lat' dir='ltr'><strong>praefat.pder-</strong></span> 
     </span>
     <span class='ocr_line' id='line_1_27' title="bbox 527 2542 1599 2608; baseline -0.001 -15"><span class='ocrx_word' id='word_1_118' title='bbox 527 2558 590 2593; x_wconf 73' lang='lat' dir='ltr'><strong>ao</strong></span> <span class='ocrx_word' id='word_1_119' title='bbox 611 2544 830 2608; x_wconf 71' lang='lat' dir='ltr'><strong>avitoque</strong></span> <span class='ocrx_word' id='word_1_120' title='bbox 864 2544 1011 2593; x_wconf 77' lang='lat' dir='ltr'><strong>sideri</strong></span> <span class='ocrx_word' id='word_1_121' title='bbox 1039 2559 1131 2607; x_wconf 78' lang='lat' dir='ltr'><strong>pur</strong></span> <span class='ocrx_word' id='word_1_122' title='bbox 1162 2543 1370 2605; x_wconf 70' lang='lat' dir='ltr'><strong>videtur,</strong></span> <span class='ocrx_word' id='word_1_123' title='bbox 1403 2542 1454 2592; x_wconf 91' lang='lat' dir='ltr'><strong>id</strong></span> <span class='ocrx_word' id='word_1_124' title='bbox 1494 2551 1599 2606; x_wconf 91' lang='lat' dir='ltr'><strong>est,</strong></span> 
     </span>
     <span class='ocr_line' id='line_1_28' title="bbox 527 2621 1595 2687; baseline -0.001 -17"><span class='ocrx_word' id='word_1_125' title='bbox 527 2621 767 2686; x_wconf 82' lang='lat' dir='ltr'><strong>Augusto</strong></span> <span class='ocrx_word' id='word_1_126' title='bbox 804 2622 1095 2687; x_wconf 80' lang='lat' dir='ltr'><strong>Caesarique</strong></span> <span class='ocrx_word' id='word_1_127' title='bbox 1110 2622 1222 2685; x_wconf 86' lang='lat' dir='ltr'><strong>jam</strong></span> <span class='ocrx_word' id='word_1_128' title='bbox 1250 2621 1369 2670; x_wconf 87' lang='lat' dir='ltr'><strong>diis.</strong></span> <span class='ocrx_word' id='word_1_129' title='bbox 1434 2621 1595 2670; x_wconf 68' lang='lat' dir='ltr'><strong>&#39;nieo-</strong></span> 
     </span>
     <span class='ocr_line' id='line_1_29' title="bbox 528 2698 1596 2765; baseline 0.001 -17"><span class='ocrx_word' id='word_1_130' title='bbox 528 2698 661 2748; x_wconf 82' lang='lat' dir='ltr'><strong>dosii</strong></span> <span class='ocrx_word' id='word_1_131' title='bbox 680 2705 900 2750; x_wconf 86' lang='lat' dir='ltr'><strong>mortem</strong></span> <span class='ocrx_word' id='word_1_132' title='bbox 935 2698 1208 2762; x_wconf 81' lang='lat' dir='ltr'><strong>significat,</strong></span> <span class='ocrx_word' id='word_1_133' title='bbox 1247 2700 1337 2765; x_wconf 89' lang='lat' dir='ltr'><strong>qui</strong></span> <span class='ocrx_word' id='word_1_134' title='bbox 1357 2699 1596 2749; x_wconf 80' lang='lat' dir='ltr'><strong>Stilicho·</strong></span> 
     </span>
     <span class='ocr_line' id='line_1_30' title="bbox 526 2775 1596 2839; baseline 0.001 -15"><span class='ocrx_word' id='word_1_135' title='bbox 526 2788 644 2824; x_wconf 88' lang='lat' dir='ltr'><strong>nem</strong></span> <span class='ocrx_word' id='word_1_136' title='bbox 681 2775 917 2825; x_wconf 85' lang='lat' dir='ltr'><strong>Honor-io</strong></span> <span class='ocrx_word' id='word_1_137' title='bbox 942 2777 1240 2839; x_wconf 77' lang='lat' dir='ltr'><strong>praeposuit.</strong></span> <span class='ocrx_word' id='word_1_138' title='bbox 1307 2775 1475 2825; x_wconf 77' lang='lat' dir='ltr'><strong>Sidere</strong></span> <span class='ocrx_word' id='word_1_139' title='bbox 1505 2791 1596 2825; x_wconf 88' lang='lat' dir='ltr'><strong>au·</strong></span> 
     </span>
     <span class='ocr_line' id='line_1_31' title="bbox 526 2851 1594 2916; baseline 0 -16"><span class='ocrx_word' id='word_1_140' title='bbox 526 2857 653 2913; x_wconf 88' lang='lat' dir='ltr'><strong>tem,</strong></span> <span class='ocrx_word' id='word_1_141' title='bbox 671 2851 737 2900; x_wconf 85' lang='lat' dir='ltr'><strong>ad</strong></span> <span class='ocrx_word' id='word_1_142' title='bbox 759 2853 916 2901; x_wconf 86' lang='lat' dir='ltr'><strong>ritum</strong></span> <span class='ocrx_word' id='word_1_143' title='bbox 934 2852 1294 2916; x_wconf 88' lang='lat' dir='ltr'><strong>apotheoseos,</strong></span> <span class='ocrx_word' id='word_1_144' title='bbox 1315 2866 1431 2901; x_wconf 91' lang='lat' dir='ltr'><strong>nam</strong></span> <span class='ocrx_word' id='word_1_145' title='bbox 1454 2853 1594 2916; x_wconf 90' lang='lat' dir='ltr'><strong>prin-</strong></span> 
     </span>
     <span class='ocr_line' id='line_1_32' title="bbox 525 2927 1594 2991; baseline 0 -13"><span class='ocrx_word' id='word_1_146' title='bbox 525 2927 670 2991; x_wconf 86' lang='lat' dir='ltr'><strong>cipes</strong></span> <span class='ocrx_word' id='word_1_147' title='bbox 692 2942 834 2990; x_wconf 90' lang='lat' dir='ltr'><strong>suos,</strong></span> <span class='ocrx_word' id='word_1_148' title='bbox 852 2929 1011 2978; x_wconf 90' lang='lat' dir='ltr'><strong>bonos</strong></span> <span class='ocrx_word' id='word_1_149' title='bbox 1036 2929 1281 2991; x_wconf 80' lang='lat' dir='ltr'><strong>malosve,</strong></span> <span class='ocrx_word' id='word_1_150' title='bbox 1302 2927 1523 2991; x_wconf 83' lang='lat' dir='ltr'><strong>gentiles</strong></span> <span class='ocrx_word' id='word_1_151' title='bbox 1542 2929 1594 2978; x_wconf 86' lang='lat' dir='ltr'><strong>in</strong></span> 
     </span>
     <span class='ocr_line' id='line_1_33' title="bbox 528 3003 1594 3054; baseline -0.001 -1"><span class='ocrx_word' id='word_1_152' title='bbox 528 3004 674 3053; x_wconf 89' lang='lat' dir='ltr'><strong>Deos</strong></span> <span class='ocrx_word' id='word_1_153' title='bbox 692 3003 1022 3054; x_wconf 81' lang='lat' dir='ltr'><strong>referebant:</strong></span> <span class='ocrx_word' id='word_1_154' title='bbox 1059 3011 1237 3053; x_wconf 90' lang='lat' dir='ltr'><strong>noster</strong></span> <span class='ocrx_word' id='word_1_155' title='bbox 1252 3005 1302 3052; x_wconf 89' lang='lat' dir='ltr'><strong>in</strong></span> <span class='ocrx_word' id='word_1_156' title='bbox 1326 3003 1463 3053; x_wconf 88' lang='lat' dir='ltr'><strong>bello</strong></span> <span class='ocrx_word' id='word_1_157' title='bbox 1480 3003 1594 3052; x_wconf 89' lang='lat' dir='ltr'><strong>Gil-</strong></span> 
     </span>
     <span class='ocr_line' id='line_1_34' title="bbox 526 3079 1594 3146; baseline 0.002 -18"><span class='ocrx_word' id='word_1_158' title='bbox 526 3079 741 3131; x_wconf 86' lang='lat' dir='ltr'><strong>donico:</strong></span> <span class='ocrx_word' id='word_1_159' title='bbox 778 3084 793 3109; x_wconf 84' lang='lat'>‘</span> <span class='ocrx_word' id='word_1_160' title='bbox 818 3082 950 3130; x_wconf 86' lang='lat' dir='ltr'><strong>Tum</strong></span> <span class='ocrx_word' id='word_1_161' title='bbox 974 3082 1161 3146; x_wconf 72' lang='lat' dir='ltr'><strong>siquos</strong></span> <span class='ocrx_word' id='word_1_162' title='bbox 1186 3083 1349 3130; x_wconf 90' lang='lat' dir='ltr'><strong>Roma</strong></span> <span class='ocrx_word' id='word_1_163' title='bbox 1372 3082 1594 3145; x_wconf 85' lang='lat' dir='ltr'><strong>recepit,</strong></span> 
     </span>
     <span class='ocr_line' id='line_1_35' title="bbox 526 3158 1593 3224; baseline 0.003 -18"><span class='ocrx_word' id='word_1_164' title='bbox 526 3165 617 3208; x_wconf 88' lang='lat' dir='ltr'><strong>aut</strong></span> <span class='ocrx_word' id='word_1_165' title='bbox 636 3158 782 3208; x_wconf 88' lang='lat' dir='ltr'><strong>dedit</strong></span> <span class='ocrx_word' id='word_1_166' title='bbox 800 3159 913 3221; x_wconf 90' lang='lat' dir='ltr'><strong>ipsa</strong></span> <span class='ocrx_word' id='word_1_167' title='bbox 936 3158 1115 3208; x_wconf 66' lang='lat' dir='ltr'><strong>Deos!</strong></span> <span class='ocrx_word' id='word_1_168' title='bbox 1137 3159 1282 3209; x_wconf 85' lang='lat' dir='ltr'><strong>Serv.</strong></span> <span class='ocrx_word' id='word_1_169' title='bbox 1307 3160 1373 3208; x_wconf 89' lang='lat' dir='ltr'><strong>ad</strong></span> <span class='ocrx_word' id='word_1_170' title='bbox 1396 3159 1593 3224; x_wconf 84' lang='lat' dir='ltr'><strong>Georg.</strong></span> 
     </span>
     <span class='ocr_line' id='line_1_36' title="bbox 526 3235 1241 3288; baseline -0.003 -2"><span class='ocrx_word' id='word_1_171' title='bbox 526 3252 567 3288; x_wconf 90' lang='lat'><strong>1.</strong></span> <span class='ocrx_word' id='word_1_172' title='bbox 609 3235 731 3287; x_wconf 82' lang='lat' dir='ltr'><strong>fine.</strong></span> <span class='ocrx_word' id='word_1_173' title='bbox 767 3237 956 3287; x_wconf 90' lang='lat' dir='ltr'><strong>Horat.</strong></span> <span class='ocrx_word' id='word_1_174' title='bbox 981 3236 1192 3286; x_wconf 78' lang='lat' dir='ltr'><strong>lib.·1r.:</strong></span> <span class='ocrx_word' id='word_1_175' title='bbox 1226 3240 1241 3264; x_wconf 82' lang='lat'>‘</span> 
     </span>
     <span class='ocr_line' id='line_1_37' title="bbox 526 3313 1590 3376; baseline -0.001 -12"><span class='ocrx_word' id='word_1_176' title='bbox 526 3313 684 3364; x_wconf 86' lang='lat' dir='ltr'><strong>Liber</strong></span> <span class='ocrx_word' id='word_1_177' title='bbox 707 3329 802 3364; x_wconf 90' lang='lat' dir='ltr'><strong>nec</strong></span> <span class='ocrx_word' id='word_1_178' title='bbox 837 3328 940 3363; x_wconf 89' lang='lat' dir='ltr'><strong>non</strong></span> <span class='ocrx_word' id='word_1_179' title='bbox 979 3328 1095 3363; x_wconf 91' lang='lat' dir='ltr'><strong>cum</strong></span> <span class='ocrx_word' id='word_1_180' title='bbox 1120 3313 1335 3364; x_wconf 80' lang='lat' dir='ltr'><strong>Castore</strong></span> <span class='ocrx_word' id='word_1_181' title='bbox 1359 3313 1590 3376; x_wconf 84' lang='lat' dir='ltr'><strong>Pollux,&#39;</strong></span> 
     </span>
     <span class='ocr_line' id='line_1_38' title="bbox 524 3390 1593 3456; baseline 0 -14"><span class='ocrx_word' id='word_1_182' title='bbox 524 3397 644 3456; x_wconf 86' lang='lat' dir='ltr'><strong>post</strong></span> <span class='ocrx_word' id='word_1_183' title='bbox 675 3391 905 3455; x_wconf 85' lang='lat' dir='ltr'><strong>ingentia</strong></span> <span class='ocrx_word' id='word_1_184' title='bbox 929 3390 1071 3440; x_wconf 87' lang='lat' dir='ltr'><strong>facta</strong></span> <span class='ocrx_word' id='word_1_185' title='bbox 1090 3390 1298 3439; x_wconf 83' lang='lat' dir='ltr'><strong>deorum</strong></span> <span class='ocrx_word' id='word_1_186' title='bbox 1319 3390 1370 3439; x_wconf 90' lang='lat' dir='ltr'><strong>in</strong></span> <span class='ocrx_word' id='word_1_187' title='bbox 1393 3393 1593 3455; x_wconf 81' lang='lat' dir='ltr'><strong>templa</strong></span> 
     </span>
     <span class='ocr_line' id='line_1_39' title="bbox 524 3467 1591 3530; baseline 0.002 -13"><span class='ocrx_word' id='word_1_188' title='bbox 524 3469 692 3518; x_wconf 88' lang='lat' dir='ltr'><strong>relati.</strong></span> <span class='ocrx_word' id='word_1_189' title='bbox 757 3469 1100 3518; x_wconf 88' lang='lat' dir='ltr'><strong>Theodosium</strong></span> <span class='ocrx_word' id='word_1_190' title='bbox 1127 3483 1271 3530; x_wconf 71' lang='lat' dir='ltr'><strong>»ergo</strong></span> <span class='ocrx_word' id='word_1_191' title='bbox 1309 3467 1479 3520; x_wconf 71' lang='lat' dir='ltr'><strong>Poeta</strong></span> <span class='ocrx_word' id='word_1_192' title='bbox 1522 3470 1591 3519; x_wconf 86' lang='lat' dir='ltr'><strong>eb</strong></span> 
     </span>
     <span class='ocr_line' id='line_1_40' title="bbox 524 3543 1590 3607; baseline 0.003 -15"><span class='ocrx_word' id='word_1_193' title='bbox 524 3543 776 3607; x_wconf 81' lang='lat' dir='ltr'><strong>insignem</strong></span> <span class='ocrx_word' id='word_1_194' title='bbox 801 3545 1045 3593; x_wconf 85' lang='lat' dir='ltr'><strong>virtutem</strong></span> <span class='ocrx_word' id='word_1_195' title='bbox 1084 3544 1135 3593; x_wconf 86' lang='lat' dir='ltr'><strong>ln</strong></span> <span class='ocrx_word' id='word_1_196' title='bbox 1163 3545 1391 3593; x_wconf 90' lang='lat' dir='ltr'><strong>Deorum</strong></span> <span class='ocrx_word' id='word_1_197' title='bbox 1414 3559 1590 3595; x_wconf 88' lang='lat' dir='ltr'><strong>nnme-</strong></span> 
     </span>
     <span class='ocr_line' id='line_1_41' title="bbox 521 3622 1589 3690; baseline 0.003 -22"><span class='ocrx_word' id='word_1_198' title='bbox 521 3634 635 3690; x_wconf 85' lang='lat' dir='ltr'><strong>rum</strong></span> <span class='ocrx_word' id='word_1_199' title='bbox 672 3622 890 3669; x_wconf 79' lang='lat' dir='ltr'><strong>relatum</strong></span> <span class='ocrx_word' id='word_1_200' title='bbox 920 3622 1024 3683; x_wconf 88' lang='lat' dir='ltr'><strong>ait;</strong></span> <span class='ocrx_word' id='word_1_201' title='bbox 1064 3628 1120 3669; x_wconf 91' lang='lat' dir='ltr'><strong>et</strong></span> <span class='ocrx_word' id='word_1_202' title='bbox 1164 3636 1290 3670; x_wconf 85' lang='lat' dir='ltr'><strong>vero</strong></span> <span class='ocrx_word' id='word_1_203' title='bbox 1322 3636 1589 3671; x_wconf 86' lang='lat' dir='ltr'><strong>ascensum</strong></span> 
     </span>
    </p>
   </div>
   <div class='ocr_carea' id='block_1_5' title="bbox 524 3686 1601 3763">
    <p class='ocr_par' dir='ltr' id='par_1_8' title="bbox 524 3686 1601 3763">
     <span class='ocr_line' id='line_1_42' title="bbox 524 3686 1601 3763; baseline 0.007 -22"><span class='ocrx_word' id='word_1_204' title='bbox 524 3686 632 3759; x_wconf 72' lang='lat' dir='ltr'><strong>ejus</strong></span> <span class='ocrx_word' id='word_1_205' title='bbox 654 3696 706 3744; x_wconf 92' lang='lat' dir='ltr'><strong>in</strong></span> <span class='ocrx_word' id='word_1_206' title='bbox 728 3687 907 3744; x_wconf 75' lang='lat' dir='ltr'><strong>cael&#39;um</strong></span> <span class='ocrx_word' id='word_1_207' title='bbox 932 3687 1199 3760; x_wconf 72' lang='lat' dir='ltr'><strong>eleganter</strong></span> <span class='ocrx_word' id='word_1_208' title='bbox 1233 3698 1500 3763; x_wconf 86' lang='lat' dir='ltr'><strong>describit,</strong></span> <span class='ocrx_word' id='word_1_209' title='bbox 1524 3689 1601 3749; x_wconf 82' lang='lat' dir='ltr'><strong>de&#39;</strong></span> 
     </span>
    </p>
   </div>
   <div class='ocr_carea' id='block_1_6' title="bbox 522 3766 1589 3910">
    <p class='ocr_par' dir='ltr' id='par_1_9' title="bbox 522 3766 1567 3910">
     <span class='ocr_line' id='line_1_43' title="bbox 522 3766 1462 3837; baseline 0.007 -20"><span class='ocrx_word' id='word_1_210' title='bbox 522 3766 612 3819; x_wconf 74' lang='lat'><strong>111‘.</strong></span> <span class='ocrx_word' id='word_1_211' title='bbox 631 3772 786 3820; x_wconf 84' lang='lat' dir='ltr'><strong>Cous.</strong></span> <span class='ocrx_word' id='word_1_212' title='bbox 810 3771 944 3820; x_wconf 84' lang='lat' dir='ltr'><strong>Hon.</strong></span> <span class='ocrx_word' id='word_1_213' title='bbox 967 3772 1019 3821; x_wconf 88' lang='lat' dir='ltr'><strong>ln</strong></span> <span class='ocrx_word' id='word_1_214' title='bbox 1043 3771 1164 3822; x_wconf 83' lang='lat' dir='ltr'><strong>fine.</strong></span> <span class='ocrx_word' id='word_1_215' title='bbox 1203 3775 1424 3837; x_wconf 71' lang='lat' dir='ltr'><strong>Deuapst.</strong></span> <span class='ocrx_word' id='word_1_216' title='bbox 1451 3791 1462 3800; x_wconf 88' lang='grc'><em>·</em></span> 
     </span>
     <span class='ocr_line' id='line_1_44' title="bbox 541 3847 1589 3910; baseline 0.008 -16"><span class='ocrx_word' id='word_1_217' title='bbox 541 3877 552 3884; x_wconf 91' lang='grc'>-</span> <span class='ocrx_word' id='word_1_218' title='bbox 588 3847 821 3910; x_wconf 75' lang='lat' dir='ltr'><strong>Mundus]</strong></span> <span class='ocrx_word' id='word_1_219' title='bbox 875 3847 1093 3897; x_wconf 84' lang='lat' dir='ltr'><strong>Divinas</strong></span> <span class='ocrx_word' id='word_1_220' title='bbox 1135 3851 1328 3900; x_wconf 83' lang='lat' dir='ltr'><strong>animas</strong></span> <span class='ocrx_word' id='word_1_221' title='bbox 1360 3852 1589 3901; x_wconf 81' lang='lat' dir='ltr'><strong>mortali-</strong></span> 
     </span>
    </p>
   </div>
   <div class='ocr_carea' id='block_1_7' title="bbox 521 3917 1605 4140">
    <p class='ocr_par' dir='ltr' id='par_1_10' title="bbox 521 3917 1605 4140">
     <span class='ocr_line' id='line_1_45' title="bbox 522 3917 1605 3986; baseline 0.005 -13"><span class='ocrx_word' id='word_1_222' title='bbox 522 3917 618 3973; x_wconf 78' lang='lat' dir='ltr'><strong>um‘</strong></span> <span class='ocrx_word' id='word_1_223' title='bbox 633 3923 828 3974; x_wconf 72' lang='lat' dir='ltr'><strong>virtute</strong></span> <span class='ocrx_word' id='word_1_224' title='bbox 861 3921 1196 3986; x_wconf 62' lang='lat' dir='ltr'><strong>praeditorum</strong></span> <span class='ocrx_word' id='word_1_225' title='bbox 1239 3943 1269 3977; x_wconf 88' lang='lat' dir='ltr'><strong>e</strong></span> <span class='ocrx_word' id='word_1_226' title='bbox 1308 3929 1470 3977; x_wconf 86' lang='lat' dir='ltr'><strong>stellis</strong></span> <span class='ocrx_word' id='word_1_227' title='bbox 1488 3930 1605 3978; x_wconf 78' lang='lat' dir='ltr'><strong>ori-¹</strong></span> 
     </span>
     <span class='ocr_line' id='line_1_46' title="bbox 521 3993 1605 4063; baseline 0.005 -15"><span class='ocrx_word' id='word_1_228' title='bbox 521 3993 703 4063; x_wconf 79' lang='lat' dir='ltr'><strong>undas&#39;,</strong></span> <span class='ocrx_word' id='word_1_229' title='bbox 755 4005 814 4048; x_wconf 94' lang='lat' dir='ltr'><strong>et</strong></span> <span class='ocrx_word' id='word_1_230' title='bbox 867 3998 918 4046; x_wconf 91' lang='lat' dir='ltr'><strong>in</strong></span> <span class='ocrx_word' id='word_1_231' title='bbox 960 4014 1134 4049; x_wconf 71' lang='lat' dir='ltr'><strong>eorum</strong></span> <span class='ocrx_word' id='word_1_232' title='bbox 1189 4015 1457 4054; x_wconf 73' lang='lat' dir='ltr'><strong>numerum</strong></span> <span class='ocrx_word' id='word_1_233' title='bbox 1507 4013 1605 4053; x_wconf 53' lang='lat' dir='ltr'><strong>ress‘</strong></span> 
     </span>
     <span class='ocr_line' id='line_1_47' title="bbox 522 4071 1605 4140; baseline 0.006 -17"><span class='ocrx_word' id='word_1_234' title='bbox 522 4071 652 4139; x_wconf 79' lang='lat' dir='ltr'><strong>dire,</strong></span> <span class='ocrx_word' id='word_1_235' title='bbox 669 4076 935 4138; x_wconf 75' lang='lat' dir='ltr'><strong>persuasio</strong></span> <span class='ocrx_word' id='word_1_236' title='bbox 946 4076 1294 4140; x_wconf 68' lang='lat' dir='ltr'><strong>Philosophiae</strong></span> <span class='ocrx_word' id='word_1_237' title='bbox 1312 4079 1605 4134; x_wconf 66' lang='lat' dir='ltr'><strong>Humnnae.⁸</strong></span> 
     </span>
    </p>
   </div>
   <div class='ocr_carea' id='block_1_8' title="bbox 520 4145 1589 4205">
    <p class='ocr_par' dir='ltr' id='par_1_11' title="bbox 520 4145 1589 4205">
     <span class='ocr_line' id='line_1_48' title="bbox 520 4145 1589 4205; baseline 0.005 -6"><span class='ocrx_word' id='word_1_238' title='bbox 520 4145 751 4201; x_wconf 73' lang='lat' dir='ltr'><strong>Mundus</strong></span> <span class='ocrx_word' id='word_1_239' title='bbox 769 4149 962 4201; x_wconf 79' lang='lat' dir='ltr'><strong>coelum</strong></span> <span class='ocrx_word' id='word_1_240' title='bbox 986 4160 1153 4204; x_wconf 81' lang='lat' dir='ltr'><strong>sonat.</strong></span> <span class='ocrx_word' id='word_1_241' title='bbox 1217 4155 1305 4204; x_wconf 81' lang='lat' dir='ltr'><strong>Sic</strong></span> <span class='ocrx_word' id='word_1_242' title='bbox 1340 4156 1589 4205; x_wconf 82' lang='lat' dir='ltr'><strong>Manilius</strong></span> 
     </span>
    </p>
   </div>
   <div class='ocr_carea' id='block_1_9' title="bbox 521 4225 1605 4293">
    <p class='ocr_par' dir='ltr' id='par_1_12' title="bbox 521 4225 1605 4293">
     <span class='ocr_line' id='line_1_49' title="bbox 521 4225 1605 4293; baseline 0.007 -21"><span class='ocrx_word' id='word_1_243' title='bbox 521 4225 769 4274; x_wconf 88' lang='lat' dir='ltr'><strong>mundum</strong></span> <span class='ocrx_word' id='word_1_244' title='bbox 812 4226 1056 4276; x_wconf 84' lang='lat' dir='ltr'><strong>meruisse</strong></span> <span class='ocrx_word' id='word_1_245' title='bbox 1106 4227 1242 4278; x_wconf 83' lang='lat' dir='ltr'><strong>dixit</strong></span> <span class='ocrx_word' id='word_1_246' title='bbox 1290 4229 1605 4293; x_wconf 61' lang='lat' dir='ltr'><strong>Augustum*</strong></span> 
     </span>
    </p>
   </div>
   <div class='ocr_carea' id='block_1_10' title="bbox 520 4293 1586 4369">
    <p class='ocr_par' dir='ltr' id='par_1_13' title="bbox 520 4293 1586 4369">
     <span class='ocr_line' id='line_1_50' title="bbox 520 4293 1586 4369; baseline 0.005 -17"><span class='ocrx_word' id='word_1_247' title='bbox 520 4293 646 4365; x_wconf 71' lang='lat' dir='ltr'><strong>pest</strong></span> <span class='ocrx_word' id='word_1_248' title='bbox 668 4296 980 4369; x_wconf 61' lang='lat' dir='ltr'><strong>‘Cae&#39;saremJ</strong></span> <span class='ocrx_word' id='word_1_249' title='bbox 1014 4302 1178 4368; x_wconf 61' lang='lat' dir='ltr'><strong>&#39;cnjni&#39;</strong></span> <span class='ocrx_word' id='word_1_250' title='bbox 1213 4301 1348 4356; x_wconf 77' lang='lat' dir='ltr'><strong>filiu‘s</strong></span> <span class='ocrx_word' id='word_1_251' title='bbox 1375 4305 1586 4364; x_wconf 62' lang='lat' dir='ltr'><strong>:aufflre</strong></span> 
     </span>
    </p>
   </div>
   <div class='ocr_carea' id='block_1_11' title="bbox 1263 3238 1637 3295">
    <p class='ocr_par' dir='ltr' id='par_1_14' title="bbox 1263 3238 1637 3295">
     <span class='ocr_line' id='line_1_51' title="bbox 1263 3238 1637 3295; baseline 0.008 -9"><span class='ocrx_word' id='word_1_252' title='bbox 1263 3238 1506 3287; x_wconf 83' lang='lat' dir='ltr'><strong>Romulus</strong></span> <span class='ocrx_word' id='word_1_253' title='bbox 1537 3246 1592 3289; x_wconf 92' lang='lat' dir='ltr'><strong>et</strong></span> <span class='ocrx_word' id='word_1_254' title='bbox 1626 3290 1637 3295; x_wconf 75' lang='grc'>,</span> 
     </span>
    </p>
   </div>
   <div class='ocr_carea' id='block_1_12' title="bbox 937 395 2342 452">
    <p class='ocr_par' dir='ltr' id='par_1_15' title="bbox 937 395 2342 452">
     <span class='ocr_line' id='line_1_52' title="bbox 937 395 2342 452; baseline 0.001 -5"><span class='ocrx_word' id='word_1_255' title='bbox 937 396 1156 448; x_wconf 77' lang='lat' dir='ltr'><strong>No‘rAE</strong></span> <span class='ocrx_word' id='word_1_256' title='bbox 1202 397 1617 449; x_wconf 60' lang='lat' dir='ltr'><strong>mulionum</strong></span> <span class='ocrx_word' id='word_1_257' title='bbox 1654 400 1919 449; x_wconf 69' lang='lat' dir='ltr'><strong>mter...</strong></span> <span class='ocrx_word' id='word_1_258' title='bbox 1944 395 2226 452; x_wconf 63' lang='lat' dir='ltr'><strong>GlaAUD.</strong></span> <span class='ocrx_word' id='word_1_259' title='bbox 2272 403 2342 451; x_wconf 82' lang='lat' dir='ltr'><strong>V.</strong></span> 
     </span>
    </p>
   </div>
   <div class='ocr_carea' id='block_1_13' title="bbox 1672 543 2777 1379">
    <p class='ocr_par' dir='ltr' id='par_1_16' title="bbox 1677 543 2771 607">
     <span class='ocr_line' id='line_1_53' title="bbox 1677 543 2771 607; baseline 0.005 -14"><span class='ocrx_word' id='word_1_260' title='bbox 1677 543 1952 607; x_wconf 78' lang='lat' dir='ltr'><strong>gestiebat.</strong></span> <span class='ocrx_word' id='word_1_261' title='bbox 1986 546 2165 596; x_wconf 70' lang='lat' dir='ltr'><strong>Bur-tlt.</strong></span> <span class='ocrx_word' id='word_1_262' title='bbox 2214 546 2222 554; x_wconf 83' lang='lat'><strong>‘</strong></span> <span class='ocrx_word' id='word_1_263' title='bbox 2344 549 2353 554; x_wconf 83' lang='grc'><em>“</em></span> <span class='ocrx_word' id='word_1_264' title='bbox 2764 565 2771 574; x_wconf 94' lang='grc'><em>·</em></span> 
     </span>
    </p>

    <p class='ocr_par' dir='ltr' id='par_1_17' title="bbox 1672 622 2777 1379">
     <span class='ocr_line' id='line_1_54' title="bbox 1734 622 2777 688; baseline 0.005 -19"><span class='ocrx_word' id='word_1_265' title='bbox 1734 624 1772 669; x_wconf 82' lang='grc'><strong>4</strong></span> <span class='ocrx_word' id='word_1_266' title='bbox 1803 622 2007 685; x_wconf 63' lang='lat' dir='ltr'><strong>dunque</strong></span> <span class='ocrx_word' id='word_1_267' title='bbox 2029 624 2144 686; x_wconf 72' lang='lat' dir='ltr'><strong>tuis,</strong></span> <span class='ocrx_word' id='word_1_268' title='bbox 2176 623 2401 687; x_wconf 66' lang='lat' dir='ltr'><strong>Stilicho,</strong></span> <span class='ocrx_word' id='word_1_269' title='bbox 2424 623 2647 674; x_wconf 64' lang='lat' dir='ltr'><strong>Roma</strong></span> <span class='ocrx_word' id='word_1_270' title='bbox 2661 632 2777 688; x_wconf 58' lang='lat' dir='ltr'><strong>ped</strong></span> 
     </span>
     <span class='ocr_line' id='line_1_55' title="bbox 1673 698 2775 764; baseline 0.005 -19"><span class='ocrx_word' id='word_1_271' title='bbox 1673 698 1828 746; x_wconf 70' lang='lat' dir='ltr'><strong>tentia</strong></span> <span class='ocrx_word' id='word_1_272' title='bbox 1848 700 1990 762; x_wconf 73' lang='lat' dir='ltr'><strong>curis,</strong></span> <span class='ocrx_word' id='word_1_273' title='bbox 2024 700 2096 748; x_wconf 82' lang='lat' dir='ltr'><strong>Et</strong></span> <span class='ocrx_word' id='word_1_274' title='bbox 2124 714 2283 749; x_wconf 75' lang='lat' dir='ltr'><strong>reram</strong></span> <span class='ocrx_word' id='word_1_275' title='bbox 2312 699 2589 749; x_wconf 67' lang='lat' dir='ltr'><strong>missus</strong></span> <span class='ocrx_word' id='word_1_276' title='bbox 2605 700 2775 764; x_wconf 63' lang='grc' dir='ltr'><strong>φα]</strong></span> 
     </span>
     <span class='ocr_line' id='line_1_56' title="bbox 1675 772 2773 840; baseline 0.005 -20"><span class='ocrx_word' id='word_1_277' title='bbox 1675 772 1902 823; x_wconf 89' lang='lat' dir='ltr'><strong>Dubium</strong></span> <span class='ocrx_word' id='word_1_278' title='bbox 1919 775 2007 823; x_wconf 81' lang='lat' dir='ltr'><strong>vix</strong></span> <span class='ocrx_word' id='word_1_279' title='bbox 2023 783 2121 837; x_wconf 87' lang='lat' dir='ltr'><strong>est,</strong></span> <span class='ocrx_word' id='word_1_280' title='bbox 2139 791 2205 825; x_wconf 82' lang='lat' dir='ltr'><strong>ex</strong></span> <span class='ocrx_word' id='word_1_281' title='bbox 2222 777 2437 840; x_wconf 84' lang='lat' dir='ltr'><strong>Imperii</strong></span> <span class='ocrx_word' id='word_1_282' title='bbox 2460 777 2773 840; x_wconf 65' lang='lat' dir='ltr'><strong>partitione.</strong></span> 
     </span>
     <span class='ocr_line' id='line_1_57' title="bbox 1675 853 2757 918; baseline 0.006 -21"><span class='ocrx_word' id='word_1_283' title='bbox 1675 855 1732 898; x_wconf 88' lang='lat' dir='ltr'><strong>et</strong></span> <span class='ocrx_word' id='word_1_284' title='bbox 1753 863 2003 900; x_wconf 87' lang='lat' dir='ltr'><strong>consensu</strong></span> <span class='ocrx_word' id='word_1_285' title='bbox 2030 853 2394 918; x_wconf 83' lang='lat' dir='ltr'><strong>plerorumque</strong></span> <span class='ocrx_word' id='word_1_286' title='bbox 2411 855 2757 917; x_wconf 75' lang='lat' dir='ltr'><strong>scriptorum,</strong></span> 
     </span>
     <span class='ocr_line' id='line_1_58' title="bbox 1673 926 2777 985; baseline 0.007 -9"><span class='ocrx_word' id='word_1_287' title='bbox 1673 926 2016 978; x_wconf 72' lang='lat' dir='ltr'><strong>Theodosium</strong></span> <span class='ocrx_word' id='word_1_288' title='bbox 2046 930 2393 980; x_wconf 81' lang='lat' dir='ltr'><strong>decedentem</strong></span> <span class='ocrx_word' id='word_1_289' title='bbox 2412 930 2607 981; x_wconf 84' lang='lat' dir='ltr'><strong>Rufino</strong></span> <span class='ocrx_word' id='word_1_290' title='bbox 2630 930 2777 985; x_wconf 65' lang='lat' dir='ltr'><strong>ori-⁷2</strong></span> 
     </span>
     <span class='ocr_line' id='line_1_59' title="bbox 1674 1004 2759 1067; baseline 0.005 -14"><span class='ocrx_word' id='word_1_291' title='bbox 1674 1004 1826 1067; x_wconf 80' lang='lat' dir='ltr'><strong>entis,</strong></span> <span class='ocrx_word' id='word_1_292' title='bbox 1862 1008 2131 1058; x_wconf 78' lang='lat' dir='ltr'><strong>stilichoni</strong></span> <span class='ocrx_word' id='word_1_293' title='bbox 2168 1024 2290 1058; x_wconf 81' lang='lat' dir='ltr'><strong>vero</strong></span> <span class='ocrx_word' id='word_1_294' title='bbox 2326 1009 2643 1059; x_wconf 88' lang='lat' dir='ltr'><strong>Occidentis</strong></span> <span class='ocrx_word' id='word_1_295' title='bbox 2665 1023 2759 1058; x_wconf 83' lang='lat' dir='ltr'><strong>eu·</strong></span> 
     </span>
     <span class='ocr_line' id='line_1_60' title="bbox 1674 1082 2755 1149; baseline 0.006 -21"><span class='ocrx_word' id='word_1_296' title='bbox 1674 1095 1806 1142; x_wconf 84' lang='lat' dir='ltr'><strong>ram,</strong></span> <span class='ocrx_word' id='word_1_297' title='bbox 1830 1082 1925 1132; x_wconf 88' lang='lat' dir='ltr'><strong>sub</strong></span> <span class='ocrx_word' id='word_1_298' title='bbox 1950 1083 2367 1134; x_wconf 81' lang='lat' dir='ltr'><strong>adolescentibus</strong></span> <span class='ocrx_word' id='word_1_299' title='bbox 2391 1085 2755 1149; x_wconf 82' lang='lat' dir='ltr'><strong>Principibus,</strong></span> 
     </span>
     <span class='ocr_line' id='line_1_61' title="bbox 1673 1161 2755 1213; baseline 0.004 -5"><span class='ocrx_word' id='word_1_300' title='bbox 1673 1161 2076 1211; x_wconf 85' lang='lat' dir='ltr'><strong>commendasse.</strong></span> <span class='ocrx_word' id='word_1_301' title='bbox 2145 1162 2461 1213; x_wconf 86' lang='lat' dir='ltr'><strong>Claudianus</strong></span> <span class='ocrx_word' id='word_1_302' title='bbox 2487 1176 2612 1211; x_wconf 81' lang='lat' dir='ltr'><strong>vero</strong></span> <span class='ocrx_word' id='word_1_303' title='bbox 2650 1163 2755 1212; x_wconf 88' lang='lat' dir='ltr'><strong>soli</strong></span> 
     </span>
     <span class='ocr_line' id='line_1_62' title="bbox 1672 1236 2755 1304; baseline 0.003 -19"><span class='ocrx_word' id='word_1_304' title='bbox 1672 1237 1942 1287; x_wconf 78' lang='lat' dir='ltr'><strong>stilichoni</strong></span> <span class='ocrx_word' id='word_1_305' title='bbox 1978 1247 2253 1304; x_wconf 81' lang='lat' dir='ltr'><strong>utrumque</strong></span> <span class='ocrx_word' id='word_1_306' title='bbox 2276 1240 2452 1288; x_wconf 82' lang='lat' dir='ltr'><strong>orbem</strong></span> <span class='ocrx_word' id='word_1_307' title='bbox 2477 1236 2755 1299; x_wconf 77' lang='lat' dir='ltr'><strong>adscribit,</strong></span> 
     </span>
     <span class='ocr_line' id='line_1_63' title="bbox 1674 1314 2751 1379; baseline 0.001 -16"><span class='ocrx_word' id='word_1_308' title='bbox 1674 1315 1797 1379; x_wconf 83' lang='lat' dir='ltr'><strong>quia</strong></span> <span class='ocrx_word' id='word_1_309' title='bbox 1837 1323 2055 1365; x_wconf 79' lang='lat' dir='ltr'><strong>noverat</strong></span> <span class='ocrx_word' id='word_1_310' title='bbox 2092 1316 2192 1365; x_wconf 77' lang='lat' dir='ltr'><strong>hoc</strong></span> <span class='ocrx_word' id='word_1_311' title='bbox 2227 1331 2345 1364; x_wconf 91' lang='lat' dir='ltr'><strong>eum</strong></span> <span class='ocrx_word' id='word_1_312' title='bbox 2364 1314 2659 1376; x_wconf 79' lang='lat' dir='ltr'><strong>adfectare,</strong></span> <span class='ocrx_word' id='word_1_313' title='bbox 2688 1323 2751 1364; x_wconf 88' lang='lat' dir='ltr'><strong>et</strong></span> 
     </span>
    </p>
   </div>
   <div class='ocr_carea' id='block_1_14' title="bbox 1502 1389 2752 1454">
    <p class='ocr_par' dir='ltr' id='par_1_18' title="bbox 1502 1389 2752 1454">
     <span class='ocr_line' id='line_1_64' title="bbox 1502 1389 2752 1454; baseline 0.002 -16"><span class='ocrx_word' id='word_1_314' title='bbox 1502 1390 1514 1402; x_wconf 85' lang='lat'><strong>‘</strong></span> <span class='ocrx_word' id='word_1_315' title='bbox 1579 1417 1598 1429; x_wconf 89' lang='lat'><strong>·</strong></span> <span class='ocrx_word' id='word_1_316' title='bbox 1671 1389 1944 1440; x_wconf 83' lang='lat' dir='ltr'><strong>Theodosii</strong></span> <span class='ocrx_word' id='word_1_317' title='bbox 1968 1391 2098 1441; x_wconf 87' lang='lat' dir='ltr'><strong>hanc</strong></span> <span class='ocrx_word' id='word_1_318' title='bbox 2117 1399 2342 1441; x_wconf 85' lang='lat' dir='ltr'><strong>mentem</strong></span> <span class='ocrx_word' id='word_1_319' title='bbox 2356 1391 2519 1440; x_wconf 81' lang='lat' dir='ltr'><strong>fuisse</strong></span> <span class='ocrx_word' id='word_1_320' title='bbox 2533 1405 2752 1454; x_wconf 87' lang='lat' dir='ltr'><strong>persna-</strong></span> 
     </span>
    </p>
   </div>
   <div class='ocr_carea' id='block_1_15' title="bbox 1668 1468 2763 3299">
    <p class='ocr_par' dir='ltr' id='par_1_19' title="bbox 1675 1468 2453 1533">
     <span class='ocr_line' id='line_1_65' title="bbox 1675 1468 2453 1533; baseline 0 -15"><span class='ocrx_word' id='word_1_321' title='bbox 1675 1481 1786 1518; x_wconf 80' lang='lat' dir='ltr'><strong>sum</strong></span> <span class='ocrx_word' id='word_1_322' title='bbox 1804 1468 2027 1518; x_wconf 81' lang='lat' dir='ltr'><strong>voluisse</strong></span> <span class='ocrx_word' id='word_1_323' title='bbox 2051 1470 2261 1533; x_wconf 89' lang='lat' dir='ltr'><strong>populo.</strong></span> <span class='ocrx_word' id='word_1_324' title='bbox 2300 1470 2453 1518; x_wconf 83' lang='lat' dir='ltr'><strong>Idem.</strong></span> 
     </span>
    </p>

    <p class='ocr_par' dir='ltr' id='par_1_20' title="bbox 1671 1545 2763 2362">
     <span class='ocr_line' id='line_1_66' title="bbox 1737 1545 2749 1610; baseline 0.003 -17"><span class='ocrx_word' id='word_1_325' title='bbox 1737 1550 1768 1593; x_wconf 74' lang='lat'><strong>5</strong></span> <span class='ocrx_word' id='word_1_326' title='bbox 1804 1545 1986 1596; x_wconf 65' lang='lat' dir='ltr'><strong>Renum</strong></span> <span class='ocrx_word' id='word_1_327' title='bbox 2005 1547 2269 1595; x_wconf 69' lang='lat' dir='ltr'><strong>commissus</strong></span> <span class='ocrx_word' id='word_1_328' title='bbox 2285 1545 2432 1610; x_wconf 75' lang='lat' dir='ltr'><strong>apex]</strong></span> <span class='ocrx_word' id='word_1_329' title='bbox 2476 1545 2749 1596; x_wconf 85' lang='lat' dir='ltr'><strong>Credibile</strong></span> 
     </span>
     <span class='ocr_line' id='line_1_67' title="bbox 1672 1620 2748 1685; baseline 0.005 -16"><span class='ocrx_word' id='word_1_330' title='bbox 1672 1634 1795 1672; x_wconf 90' lang='lat' dir='ltr'><strong>sane</strong></span> <span class='ocrx_word' id='word_1_331' title='bbox 1833 1622 1932 1671; x_wconf 88' lang='lat' dir='ltr'><strong>boc</strong></span> <span class='ocrx_word' id='word_1_332' title='bbox 1967 1630 2070 1685; x_wconf 91' lang='lat' dir='ltr'><strong>est,</strong></span> <span class='ocrx_word' id='word_1_333' title='bbox 2103 1637 2221 1672; x_wconf 89' lang='lat' dir='ltr'><strong>nam</strong></span> <span class='ocrx_word' id='word_1_334' title='bbox 2252 1629 2309 1672; x_wconf 90' lang='lat' dir='ltr'><strong>et</strong></span> <span class='ocrx_word' id='word_1_335' title='bbox 2345 1620 2610 1672; x_wconf 86' lang='lat' dir='ltr'><strong>Arcadius</strong></span> <span class='ocrx_word' id='word_1_336' title='bbox 2634 1629 2748 1674; x_wconf 85' lang='lat' dir='ltr'><strong>tum</strong></span> 
     </span>
     <span class='ocr_line' id='line_1_68' title="bbox 1673 1699 2748 1762; baseline 0.006 -17"><span class='ocrx_word' id='word_1_337' title='bbox 1673 1703 1851 1746; x_wconf 87' lang='lat' dir='ltr'><strong>tutore</strong></span> <span class='ocrx_word' id='word_1_338' title='bbox 1891 1711 2205 1762; x_wconf 84' lang='lat' dir='ltr'><strong>magnopere</strong></span> <span class='ocrx_word' id='word_1_339' title='bbox 2259 1699 2327 1748; x_wconf 89' lang='lat' dir='ltr'><strong>ob</strong></span> <span class='ocrx_word' id='word_1_340' title='bbox 2381 1699 2621 1749; x_wconf 72' lang='lat' dir='ltr'><strong>aetittem-</strong></span> <span class='ocrx_word' id='word_1_341' title='bbox 2641 1714 2748 1751; x_wconf 82' lang='lat' dir='ltr'><strong>non</strong></span> 
     </span>
     <span class='ocr_line' id='line_1_69' title="bbox 1672 1773 2745 1840; baseline 0.006 -17"><span class='ocrx_word' id='word_1_342' title='bbox 1672 1773 1884 1838; x_wconf 85' lang='lat' dir='ltr'><strong>egebat,</strong></span> <span class='ocrx_word' id='word_1_343' title='bbox 1923 1775 2217 1825; x_wconf 84' lang='lat' dir='ltr'><strong>vicennium</strong></span> <span class='ocrx_word' id='word_1_344' title='bbox 2266 1777 2378 1840; x_wconf 86' lang='lat' dir='ltr'><strong>jam</strong></span> <span class='ocrx_word' id='word_1_345' title='bbox 2420 1792 2618 1840; x_wconf 80' lang='lat' dir='ltr'><strong>agens3</strong></span> <span class='ocrx_word' id='word_1_346' title='bbox 2679 1785 2745 1830; x_wconf 90' lang='lat' dir='ltr'><strong>ut</strong></span> 
     </span>
     <span class='ocr_line' id='line_1_70' title="bbox 1672 1849 2749 1918; baseline 0.003 -18"><span class='ocrx_word' id='word_1_347' title='bbox 1672 1849 1835 1901; x_wconf 84' lang='lat' dir='ltr'><strong>ferme</strong></span> <span class='ocrx_word' id='word_1_348' title='bbox 1882 1853 2133 1901; x_wconf 75' lang='lat' dir='ltr'><strong>assentiar</strong></span> <span class='ocrx_word' id='word_1_349' title='bbox 2162 1853 2431 1902; x_wconf 76' lang='lat' dir='ltr'><strong>mustriss.</strong></span> <span class='ocrx_word' id='word_1_350' title='bbox 2493 1853 2749 1918; x_wconf 65' lang='lat' dir='ltr'><strong>Bas-onio,</strong></span> 
     </span>
     <span class='ocr_line' id='line_1_71' title="bbox 1675 1928 2763 1991; baseline 0 -15"><span class='ocrx_word' id='word_1_351' title='bbox 1675 1928 1761 1991; x_wconf 89' lang='lat' dir='ltr'><strong>qui</strong></span> <span class='ocrx_word' id='word_1_352' title='bbox 1785 1928 1993 1978; x_wconf 85' lang='lat' dir='ltr'><strong>Suidam</strong></span> <span class='ocrx_word' id='word_1_353' title='bbox 2017 1935 2075 1977; x_wconf 89' lang='lat' dir='ltr'><strong>et</strong></span> <span class='ocrx_word' id='word_1_354' title='bbox 2097 1928 2222 1977; x_wconf 81' lang='lat' dir='ltr'><strong>alios</strong></span> <span class='ocrx_word' id='word_1_355' title='bbox 2242 1928 2313 1978; x_wconf 85' lang='lat' dir='ltr'><strong>de</strong></span> <span class='ocrx_word' id='word_1_356' title='bbox 2337 1928 2545 1990; x_wconf 75' lang='lat' dir='ltr'><strong>Rufino,</strong></span> <span class='ocrx_word' id='word_1_357' title='bbox 2564 1936 2763 1982; x_wconf 54' lang='lat' dir='ltr'><strong>tutore}</strong></span> 
     </span>
     <span class='ocr_line' id='line_1_72' title="bbox 1673 2004 2749 2070; baseline 0.005 -18"><span class='ocrx_word' id='word_1_358' title='bbox 1673 2004 1774 2067; x_wconf 86' lang='lat' dir='ltr'><strong>ipsi</strong></span> <span class='ocrx_word' id='word_1_359' title='bbox 1792 2004 1860 2055; x_wconf 91' lang='lat' dir='ltr'><strong>ab</strong></span> <span class='ocrx_word' id='word_1_360' title='bbox 1890 2005 2181 2055; x_wconf 67' lang='lat' dir='ltr'><strong>Theodosio</strong></span> <span class='ocrx_word' id='word_1_361' title='bbox 2203 2004 2406 2067; x_wconf 88' lang='lat' dir='ltr'><strong>relicto,</strong></span> <span class='ocrx_word' id='word_1_362' title='bbox 2432 2005 2749 2070; x_wconf 77' lang='lat' dir='ltr'><strong>scribentes,</strong></span> 
     </span>
     <span class='ocr_line' id='line_1_73' title="bbox 1672 2082 2745 2149; baseline 0.003 -18"><span class='ocrx_word' id='word_1_363' title='bbox 1672 2083 1861 2131; x_wconf 77' lang='lat' dir='ltr'><strong>erroris</strong></span> <span class='ocrx_word' id='word_1_364' title='bbox 1903 2083 2062 2132; x_wconf 84' lang='lat' dir='ltr'><strong>etiam</strong></span> <span class='ocrx_word' id='word_1_365' title='bbox 2097 2082 2218 2133; x_wconf 83' lang='lat' dir='ltr'><strong>hinc</strong></span> <span class='ocrx_word' id='word_1_366' title='bbox 2251 2082 2534 2132; x_wconf 87' lang='lat' dir='ltr'><strong>convincit.</strong></span> <span class='ocrx_word' id='word_1_367' title='bbox 2596 2085 2745 2149; x_wconf 62' lang='lat' dir='ltr'><strong>Apes:</strong></span> 
     </span>
     <span class='ocr_line' id='line_1_74' title="bbox 1671 2158 2747 2221; baseline 0.005 -15"><span class='ocrx_word' id='word_1_368' title='bbox 1671 2172 1920 2208; x_wconf 85' lang='lat' dir='ltr'><strong>summam</strong></span> <span class='ocrx_word' id='word_1_369' title='bbox 1977 2158 2286 2221; x_wconf 88' lang='lat' dir='ltr'><strong>dignitatem</strong></span> <span class='ocrx_word' id='word_1_370' title='bbox 2336 2164 2503 2209; x_wconf 86' lang='lat' dir='ltr'><strong>notat.</strong></span> <span class='ocrx_word' id='word_1_371' title='bbox 2578 2161 2747 2211; x_wconf 82' lang='lat' dir='ltr'><strong>Mari-</strong></span> 
     </span>
     <span class='ocr_line' id='line_1_75' title="bbox 1671 2235 2751 2300; baseline 0.002 -16"><span class='ocrx_word' id='word_1_372' title='bbox 1671 2250 1731 2284; x_wconf 89' lang='lat' dir='ltr'><strong>us</strong></span> <span class='ocrx_word' id='word_1_373' title='bbox 1767 2236 1986 2285; x_wconf 83' lang='lat' dir='ltr'><strong>Victor:</strong></span> <span class='ocrx_word' id='word_1_374' title='bbox 2047 2235 2120 2285; x_wconf 68' lang='lat' dir='ltr'><strong>&#39;no</strong></span> <span class='ocrx_word' id='word_1_375' title='bbox 2154 2236 2326 2298; x_wconf 76' lang='lat' dir='ltr'><strong>victor,</strong></span> <span class='ocrx_word' id='word_1_376' title='bbox 2366 2235 2570 2285; x_wconf 61' lang='lat' dir='ltr'><strong>omui-2</strong></span> <span class='ocrx_word' id='word_1_377' title='bbox 2602 2251 2751 2300; x_wconf 71' lang='lat' dir='ltr'><strong>apex.</strong></span> 
     </span>
     <span class='ocr_line' id='line_1_76' title="bbox 1671 2310 1837 2362; baseline 0.012 -2"><span class='ocrx_word' id='word_1_378' title='bbox 1671 2310 1837 2362; x_wconf 89' lang='lat' dir='ltr'><strong>Idem.</strong></span> 
     </span>
    </p>

    <p class='ocr_par' dir='ltr' id='par_1_21' title="bbox 1668 2388 2759 3299">
     <span class='ocr_line' id='line_1_77' title="bbox 1698 2388 2746 2453; baseline 0.002 -16"><span class='ocrx_word' id='word_1_379' title='bbox 1698 2425 1705 2430; x_wconf 85' lang='lat'><em>-</em></span> <span class='ocrx_word' id='word_1_380' title='bbox 1734 2393 1768 2437; x_wconf 77' lang='grc'>6</span> <span class='ocrx_word' id='word_1_381' title='bbox 1807 2389 2021 2452; x_wconf 65' lang='lat' dir='ltr'><strong>Unaque</strong></span> <span class='ocrx_word' id='word_1_382' title='bbox 2041 2388 2285 2452; x_wconf 52' lang='lat' dir='ltr'><strong>minatus]</strong></span> <span class='ocrx_word' id='word_1_383' title='bbox 2338 2389 2593 2453; x_wconf 79' lang='lat' dir='ltr'><strong>Majestas</strong></span> <span class='ocrx_word' id='word_1_384' title='bbox 2642 2389 2746 2439; x_wconf 87' lang='lat' dir='ltr'><strong>Im-</strong></span> 
     </span>
     <span class='ocr_line' id='line_1_78' title="bbox 1672 2467 2745 2533; baseline 0.003 -17"><span class='ocrx_word' id='word_1_385' title='bbox 1672 2467 1938 2530; x_wconf 81' lang='lat' dir='ltr'><strong>peratoria</strong></span> <span class='ocrx_word' id='word_1_386' title='bbox 1960 2468 2215 2532; x_wconf 40' lang='lat' dir='ltr'><strong>jamfolim</strong></span> <span class='ocrx_word' id='word_1_387' title='bbox 2233 2482 2329 2531; x_wconf 92' lang='lat' dir='ltr'><strong>pro</strong></span> <span class='ocrx_word' id='word_1_388' title='bbox 2361 2468 2475 2531; x_wconf 87' lang='lat' dir='ltr'><strong>ipso</strong></span> <span class='ocrx_word' id='word_1_389' title='bbox 2498 2469 2745 2533; x_wconf 88' lang='lat' dir='ltr'><strong>principe</strong></span> 
     </span>
     <span class='ocr_line' id='line_1_79' title="bbox 1673 2544 2759 2607; baseline 0.003 -15"><span class='ocrx_word' id='word_1_390' title='bbox 1673 2549 1860 2604; x_wconf 84' lang='lat' dir='ltr'><strong>sumta,</strong></span> <span class='ocrx_word' id='word_1_391' title='bbox 1895 2545 2042 2594; x_wconf 79' lang='lat' dir='ltr'><strong>velut</strong></span> <span class='ocrx_word' id='word_1_392' title='bbox 2060 2544 2327 2594; x_wconf 85' lang='lat' dir='ltr'><strong>-nominari</strong></span> <span class='ocrx_word' id='word_1_393' title='bbox 2360 2544 2533 2607; x_wconf 88' lang='lat' dir='ltr'><strong>ipsum</strong></span> <span class='ocrx_word' id='word_1_394' title='bbox 2567 2545 2759 2595; x_wconf 65' lang='lat' dir='ltr'><strong>minus’</strong></span> 
     </span>
     <span class='ocr_line' id='line_1_80' title="bbox 1671 2619 2745 2685; baseline 0.003 -17"><span class='ocrx_word' id='word_1_395' title='bbox 1671 2626 1822 2670; x_wconf 82' lang='lat' dir='ltr'><strong>esset.</strong></span> <span class='ocrx_word' id='word_1_396' title='bbox 1843 2621 2013 2670; x_wconf 83' lang='lat' dir='ltr'><strong>Tacit.</strong></span> <span class='ocrx_word' id='word_1_397' title='bbox 2037 2619 2225 2670; x_wconf 86' lang='lat' dir='ltr'><strong>Annal.</strong></span> <span class='ocrx_word' id='word_1_398' title='bbox 2248 2634 2302 2669; x_wconf 86' lang='lat' dir='ltr'><strong>v.</strong></span> <span class='ocrx_word' id='word_1_399' title='bbox 2321 2622 2336 2647; x_wconf 93' lang='lat'>‘</span> <span class='ocrx_word' id='word_1_400' title='bbox 2359 2621 2745 2685; x_wconf 79' lang='lat' dir='ltr'><strong>questus-apud</strong></span> 
     </span>
     <span class='ocr_line' id='line_1_81' title="bbox 1671 2697 2747 2761; baseline 0.003 -16"><span class='ocrx_word' id='word_1_401' title='bbox 1671 2698 1882 2758; x_wconf 83' lang='lat' dir='ltr'><strong>Patres,</strong></span> <span class='ocrx_word' id='word_1_402' title='bbox 1905 2697 2040 2761; x_wconf 89' lang='lat' dir='ltr'><strong>quod</strong></span> <span class='ocrx_word' id='word_1_403' title='bbox 2077 2697 2344 2747; x_wconf 77' lang='lat' dir='ltr'><strong>senatoris</strong></span> <span class='ocrx_word' id='word_1_404' title='bbox 2381 2697 2533 2746; x_wconf 87' lang='lat' dir='ltr'><strong>unius</strong></span> <span class='ocrx_word' id='word_1_405' title='bbox 2555 2697 2747 2748; x_wconf 80' lang='lat' dir='ltr'><strong>fraude</strong></span> 
     </span>
     <span class='ocr_line' id='line_1_82' title="bbox 1670 2773 2747 2837; baseline 0.002 -15"><span class='ocrx_word' id='word_1_406' title='bbox 1670 2773 2020 2836; x_wconf 86' lang='lat' dir='ltr'><strong>Imperatoria</strong></span> <span class='ocrx_word' id='word_1_407' title='bbox 2063 2773 2307 2837; x_wconf 84' lang='lat' dir='ltr'><strong>majestas</strong></span> <span class='ocrx_word' id='word_1_408' title='bbox 2349 2774 2493 2823; x_wconf 84' lang='lat' dir='ltr'><strong>elusa</strong></span> <span class='ocrx_word' id='word_1_409' title='bbox 2531 2774 2747 2837; x_wconf 83' lang='lat' dir='ltr'><strong>publice</strong></span> 
     </span>
     <span class='ocr_line' id='line_1_83' title="bbox 1670 2848 2745 2913; baseline 0.002 -15"><span class='ocrx_word' id='word_1_410' title='bbox 1670 2848 1846 2899; x_wconf 67' lang='lat' dir='ltr'><strong>foret!</strong></span> <span class='ocrx_word' id='word_1_411' title='bbox 1909 2849 2052 2900; x_wconf 87' lang='lat' dir='ltr'><strong>Aute</strong></span> <span class='ocrx_word' id='word_1_412' title='bbox 2070 2850 2275 2913; x_wconf 89' lang='lat' dir='ltr'><strong>quidem</strong></span> <span class='ocrx_word' id='word_1_413' title='bbox 2300 2850 2490 2913; x_wconf 88' lang='lat' dir='ltr'><strong>Populi</strong></span> <span class='ocrx_word' id='word_1_414' title='bbox 2521 2852 2745 2900; x_wconf 88' lang='lat' dir='ltr'><strong>Romani</strong></span> 
     </span>
     <span class='ocr_line' id='line_1_84' title="bbox 1670 2927 2746 2990; baseline 0.001 -16"><span class='ocrx_word' id='word_1_415' title='bbox 1670 2933 1760 2975; x_wconf 89' lang='lat' dir='ltr'><strong>aut</strong></span> <span class='ocrx_word' id='word_1_416' title='bbox 1800 2927 2042 2990; x_wconf 85' lang='lat' dir='ltr'><strong>Reipubl.</strong></span> <span class='ocrx_word' id='word_1_417' title='bbox 2085 2933 2219 2989; x_wconf 89' lang='lat' dir='ltr'><strong>erat,</strong></span> <span class='ocrx_word' id='word_1_418' title='bbox 2258 2932 2317 2974; x_wconf 91' lang='lat' dir='ltr'><strong>nt</strong></span> <span class='ocrx_word' id='word_1_419' title='bbox 2349 2933 2529 2975; x_wconf 88' lang='lat' dir='ltr'><strong>notum</strong></span> <span class='ocrx_word' id='word_1_420' title='bbox 2567 2927 2746 2975; x_wconf 78' lang='lat' dir='ltr'><strong>velex</strong></span> 
     </span>
     <span class='ocr_line' id='line_1_85' title="bbox 1668 3001 2746 3066; baseline 0.003 -16"><span class='ocrx_word' id='word_1_421' title='bbox 1668 3001 1904 3065; x_wconf 81' lang='lat' dir='ltr'><strong>formula,</strong></span> <span class='ocrx_word' id='word_1_422' title='bbox 1923 3005 1938 3031; x_wconf 91' lang='lat'>‘</span> <span class='ocrx_word' id='word_1_423' title='bbox 1962 3004 2296 3066; x_wconf 87' lang='lat' dir='ltr'><strong>Majestatem</strong></span> <span class='ocrx_word' id='word_1_424' title='bbox 2321 3001 2456 3065; x_wconf 93' lang='lat' dir='ltr'><strong>Pop.</strong></span> <span class='ocrx_word' id='word_1_425' title='bbox 2478 3003 2632 3052; x_wconf 88' lang='lat' dir='ltr'><strong>Rom.</strong></span> <span class='ocrx_word' id='word_1_426' title='bbox 2657 3017 2746 3053; x_wconf 88' lang='lat' dir='ltr'><strong>co·</strong></span> 
     </span>
     <span class='ocr_line' id='line_1_86' title="bbox 1670 3078 2747 3142; baseline 0.003 -17"><span class='ocrx_word' id='word_1_427' title='bbox 1670 3078 1824 3127; x_wconf 84' lang='lat' dir='ltr'><strong>miter</strong></span> <span class='ocrx_word' id='word_1_428' title='bbox 1860 3078 2207 3129; x_wconf 61' lang='lat' dir='ltr'><strong>conservare!</strong></span> <span class='ocrx_word' id='word_1_429' title='bbox 2271 3078 2398 3142; x_wconf 88' lang='lat' dir='ltr'><strong>Ejus</strong></span> <span class='ocrx_word' id='word_1_430' title='bbox 2422 3092 2548 3127; x_wconf 81' lang='lat' dir='ltr'><strong>vero</strong></span> <span class='ocrx_word' id='word_1_431' title='bbox 2572 3085 2747 3142; x_wconf 87' lang='lat' dir='ltr'><strong>potes·</strong></span> 
     </span>
     <span class='ocr_line' id='line_1_87' title="bbox 1671 3156 2743 3222; baseline 0.001 -16"><span class='ocrx_word' id='word_1_432' title='bbox 1671 3163 1783 3206; x_wconf 92' lang='lat' dir='ltr'><strong>tate</strong></span> <span class='ocrx_word' id='word_1_433' title='bbox 1805 3164 1860 3206; x_wconf 91' lang='lat' dir='ltr'><strong>et</strong></span> <span class='ocrx_word' id='word_1_434' title='bbox 1884 3159 2191 3206; x_wconf 89' lang='lat' dir='ltr'><strong>anctoritate</strong></span> <span class='ocrx_word' id='word_1_435' title='bbox 2210 3156 2347 3206; x_wconf 90' lang='lat' dir='ltr'><strong>omni</strong></span> <span class='ocrx_word' id='word_1_436' title='bbox 2366 3157 2415 3205; x_wconf 87' lang='lat' dir='ltr'><strong>in</strong></span> <span class='ocrx_word' id='word_1_437' title='bbox 2435 3157 2743 3222; x_wconf 82' lang='lat' dir='ltr'><strong>Principem</strong></span> 
     </span>
     <span class='ocr_line' id='line_1_88' title="bbox 1669 3233 2743 3299; baseline 0.003 -16"><span class='ocrx_word' id='word_1_438' title='bbox 1669 3234 1875 3296; x_wconf 90' lang='lat' dir='ltr'><strong>collata,</strong></span> <span class='ocrx_word' id='word_1_439' title='bbox 1910 3235 2010 3284; x_wconf 87' lang='lat' dir='ltr'><strong>hoc</strong></span> <span class='ocrx_word' id='word_1_440' title='bbox 2049 3248 2256 3299; x_wconf 90' lang='lat' dir='ltr'><strong>quoque</strong></span> <span class='ocrx_word' id='word_1_441' title='bbox 2290 3233 2554 3297; x_wconf 89' lang='lat' dir='ltr'><strong>splendidi</strong></span> <span class='ocrx_word' id='word_1_442' title='bbox 2578 3235 2743 3285; x_wconf 86' lang='lat' dir='ltr'><strong>nomi·</strong></span> 
     </span>
    </p>
   </div>
   <div class='ocr_carea' id='block_1_16' title="bbox 1648 3311 2747 3374">
    <p class='ocr_par' dir='ltr' id='par_1_22' title="bbox 1648 3311 2747 3374">
     <span class='ocr_line' id='line_1_89' title="bbox 1648 3311 2747 3374; baseline 0.003 -16"><span class='ocrx_word' id='word_1_443' title='bbox 1648 3311 1747 3359; x_wconf 88' lang='lat' dir='ltr'><strong>·nis</strong></span> <span class='ocrx_word' id='word_1_444' title='bbox 1769 3312 1920 3374; x_wconf 87' lang='lat' dir='ltr'><strong>hujus</strong></span> <span class='ocrx_word' id='word_1_445' title='bbox 1944 3326 2178 3374; x_wconf 71' lang='lat' dir='ltr'><strong>personae</strong></span> <span class='ocrx_word' id='word_1_446' title='bbox 2195 3311 2432 3359; x_wconf 86' lang='lat' dir='ltr'><strong>accessit.</strong></span> <span class='ocrx_word' id='word_1_447' title='bbox 2487 3311 2581 3359; x_wconf 90' lang='lat' dir='ltr'><strong>Sic</strong></span> <span class='ocrx_word' id='word_1_448' title='bbox 2602 3313 2618 3340; x_wconf 90' lang='lat'>‘</span> <span class='ocrx_word' id='word_1_449' title='bbox 2639 3311 2747 3361; x_wconf 83' lang='lat' dir='ltr'><strong>Au-</strong></span> 
     </span>
    </p>
   </div>
   <div class='ocr_carea' id='block_1_17' title="bbox 1668 3387 2749 3454">
    <p class='ocr_par' dir='ltr' id='par_1_23' title="bbox 1668 3387 2749 3454">
     <span class='ocr_line' id='line_1_90' title="bbox 1668 3387 2749 3454; baseline 0.004 -18"><span class='ocrx_word' id='word_1_450' title='bbox 1668 3390 1884 3451; x_wconf 86' lang='lat' dir='ltr'><strong>gustalis</strong></span> <span class='ocrx_word' id='word_1_451' title='bbox 1908 3387 2177 3454; x_wconf 87' lang='lat' dir='ltr'><strong>Majestas’</strong></span> <span class='ocrx_word' id='word_1_452' title='bbox 2213 3388 2351 3451; x_wconf 88' lang='lat' dir='ltr'><strong>apud</strong></span> <span class='ocrx_word' id='word_1_453' title='bbox 2369 3387 2749 3453; x_wconf 73' lang='lat' dir='ltr'><strong>sastinianum,</strong></span> 
     </span>
    </p>
   </div>
   <div class='ocr_carea' id='block_1_18' title="bbox 1630 3465 2748 3530">
    <p class='ocr_par' dir='ltr' id='par_1_24' title="bbox 1630 3465 2748 3530">
     <span class='ocr_line' id='line_1_91' title="bbox 1630 3465 2748 3530; baseline 0.015 -29"><span class='ocrx_word' id='word_1_454' title='bbox 1630 3493 1641 3501; x_wconf 82' lang='lat'><strong>.</strong></span> <span class='ocrx_word' id='word_1_455' title='bbox 1668 3480 1783 3530; x_wconf 74' lang='lat' dir='ltr'><strong>cap.</strong></span> <span class='ocrx_word' id='word_1_456' title='bbox 1813 3469 1860 3517; x_wconf 76' lang='grc'><strong>3.</strong></span> <span class='ocrx_word' id='word_1_457' title='bbox 1894 3465 2025 3515; x_wconf 89' lang='lat' dir='ltr'><strong>Cod.</strong></span> <span class='ocrx_word' id='word_1_458' title='bbox 2080 3466 2180 3516; x_wconf 83' lang='lat' dir='ltr'><strong>Est</strong></span> <span class='ocrx_word' id='word_1_459' title='bbox 2196 3465 2413 3524; x_wconf 61' lang='lat' dir='ltr'><strong>maiestas</strong></span> <span class='ocrx_word' id='word_1_460' title='bbox 2435 3468 2748 3517; x_wconf 86' lang='lat' dir='ltr'><strong>venerabili·</strong></span> 
     </span>
    </p>
   </div>
   <div class='ocr_carea' id='block_1_19' title="bbox 1660 3541 2777 4371">
    <p class='ocr_par' dir='ltr' id='par_1_25' title="bbox 1663 3541 2747 3822">
     <span class='ocr_line' id='line_1_92' title="bbox 1667 3541 2747 3606; baseline 0.004 -16"><span class='ocrx_word' id='word_1_461' title='bbox 1667 3545 1749 3591; x_wconf 86' lang='lat' dir='ltr'><strong>tas</strong></span> <span class='ocrx_word' id='word_1_462' title='bbox 1774 3542 2032 3606; x_wconf 69' lang='lat' dir='ltr'><strong>quiedam,</strong></span> <span class='ocrx_word' id='word_1_463' title='bbox 2058 3541 2172 3604; x_wconf 87' lang='lat' dir='ltr'><strong>ipso</strong></span> <span class='ocrx_word' id='word_1_464' title='bbox 2193 3549 2412 3603; x_wconf 90' lang='lat' dir='ltr'><strong>aspectu</strong></span> <span class='ocrx_word' id='word_1_465' title='bbox 2446 3543 2649 3593; x_wconf 88' lang='lat' dir='ltr'><strong>animos</strong></span> <span class='ocrx_word' id='word_1_466' title='bbox 2672 3545 2747 3593; x_wconf 86' lang='lat' dir='ltr'><strong>in·</strong></span> 
     </span>
     <span class='ocr_line' id='line_1_93' title="bbox 1666 3617 2747 3694; baseline 0.003 -27"><span class='ocrx_word' id='word_1_467' title='bbox 1666 3620 1879 3680; x_wconf 81' lang='lat' dir='ltr'><strong>vadens,</strong></span> <span class='ocrx_word' id='word_1_468' title='bbox 1903 3626 2096 3681; x_wconf 83' lang='lat' dir='ltr'><strong>praeter</strong></span> <span class='ocrx_word' id='word_1_469' title='bbox 2119 3619 2382 3692; x_wconf 83' lang='lat' dir='ltr'><strong>vulgarem</strong></span> <span class='ocrx_word' id='word_1_470' title='bbox 2402 3617 2627 3694; x_wconf 80' lang='lat' dir='ltr'><strong>formam</strong></span> <span class='ocrx_word' id='word_1_471' title='bbox 2644 3636 2747 3670; x_wconf 81' lang='lat' dir='ltr'><strong>coe·</strong></span> 
     </span>
     <span class='ocr_line' id='line_1_94' title="bbox 1663 3687 2745 3788; baseline 0.005 -45"><span class='ocrx_word' id='word_1_472' title='bbox 1663 3695 1798 3744; x_wconf 86' lang='lat' dir='ltr'><strong>leste</strong></span> <span class='ocrx_word' id='word_1_473' title='bbox 1835 3695 1954 3759; x_wconf 88' lang='lat' dir='ltr'><strong>quid</strong></span> <span class='ocrx_word' id='word_1_474' title='bbox 1989 3701 2045 3744; x_wconf 91' lang='lat' dir='ltr'><strong>et</strong></span> <span class='ocrx_word' id='word_1_475' title='bbox 2079 3695 2384 3743; x_wconf 84' lang='lat' dir='ltr'><strong>inusitatum</strong></span> <span class='ocrx_word' id='word_1_476' title='bbox 2424 3709 2531 3758; x_wconf 84' lang='lat' dir='ltr'><strong>prae</strong></span> <span class='ocrx_word' id='word_1_477' title='bbox 2568 3711 2626 3747; x_wconf 87' lang='lat' dir='ltr'><strong>se</strong></span> <span class='ocrx_word' id='word_1_478' title='bbox 2656 3687 2745 3788; x_wconf 63' lang='lat' dir='ltr'><strong>fe·</strong></span> 
     </span>
     <span class='ocr_line' id='line_1_95' title="bbox 1664 3773 2007 3822; baseline 0.003 -3"><span class='ocrx_word' id='word_1_479' title='bbox 1664 3775 1802 3822; x_wconf 79' lang='lat' dir='ltr'><strong>rens.</strong></span> <span class='ocrx_word' id='word_1_480' title='bbox 1839 3773 2007 3822; x_wconf 73' lang='lat' dir='ltr'><strong>Idem.</strong></span> 
     </span>
    </p>

    <p class='ocr_par' dir='ltr' id='par_1_26' title="bbox 1660 3848 2777 4371">
     <span class='ocr_line' id='line_1_96' title="bbox 1738 3848 2757 3912; baseline 0.001 -14"><span class='ocrx_word' id='word_1_481' title='bbox 1738 3849 1950 3912; x_wconf 71' lang='lat' dir='ltr'><strong>Uimque</strong></span> <span class='ocrx_word' id='word_1_482' title='bbox 1968 3848 2217 3910; x_wconf 69' lang='lat' dir='ltr'><strong>mqiestoes]</strong></span> <span class='ocrx_word' id='word_1_483' title='bbox 2234 3849 2493 3912; x_wconf 84' lang='lat' dir='ltr'><strong>Majestas</strong></span> <span class='ocrx_word' id='word_1_484' title='bbox 2513 3861 2617 3898; x_wconf 93' lang='lat' dir='ltr'><strong>non</strong></span> <span class='ocrx_word' id='word_1_485' title='bbox 2634 3855 2757 3899; x_wconf 81' lang='lat' dir='ltr'><strong>tan-</strong></span> 
     </span>
     <span class='ocr_line' id='line_1_97' title="bbox 1667 3924 2745 3988; baseline 0.001 -13"><span class='ocrx_word' id='word_1_486' title='bbox 1667 3932 1774 3975; x_wconf 90' lang='lat' dir='ltr'><strong>tum</strong></span> <span class='ocrx_word' id='word_1_487' title='bbox 1818 3927 2089 3988; x_wconf 59' lang='lat' dir='ltr'><strong>Dent-uim·</strong></span> <span class='ocrx_word' id='word_1_488' title='bbox 2117 3925 2208 3973; x_wconf 81' lang='lat' dir='ltr'><strong>sed</strong></span> <span class='ocrx_word' id='word_1_489' title='bbox 2248 3931 2304 3973; x_wconf 80' lang='lat' dir='ltr'><strong>et</strong></span> <span class='ocrx_word' id='word_1_490' title='bbox 2337 3924 2654 3988; x_wconf 87' lang='lat' dir='ltr'><strong>principum.</strong></span> <span class='ocrx_word' id='word_1_491' title='bbox 2709 3928 2745 3977; x_wconf 90' lang='lat' dir='ltr'><strong>l.</strong></span> 
     </span>
     <span class='ocr_line' id='line_1_98' title="bbox 1665 3998 2744 4064; baseline 0.001 -14"><span class='ocrx_word' id='word_1_492' title='bbox 1665 4006 1713 4051; x_wconf 82' lang='lat'><strong>⁷.</strong></span> <span class='ocrx_word' id='word_1_493' title='bbox 1735 3999 1790 4050; x_wconf 79' lang='lat' dir='ltr'><strong>ff.</strong></span> <span class='ocrx_word' id='word_1_494' title='bbox 1814 4001 1882 4049; x_wconf 87' lang='lat' dir='ltr'><strong>de</strong></span> <span class='ocrx_word' id='word_1_495' title='bbox 1906 4001 2102 4064; x_wconf 84' lang='lat' dir='ltr'><strong>captiv.</strong></span> <span class='ocrx_word' id='word_1_496' title='bbox 2139 4002 2198 4050; x_wconf 82' lang='lat' dir='ltr'><strong>L.</strong></span> <span class='ocrx_word' id='word_1_497' title='bbox 2230 4001 2292 4049; x_wconf 87' lang='lat' dir='ltr'><strong>-in</strong></span> <span class='ocrx_word' id='word_1_498' title='bbox 2328 3998 2582 4062; x_wconf 85' lang='lat' dir='ltr'><strong>pluribus.</strong></span> <span class='ocrx_word' id='word_1_499' title='bbox 2619 4011 2744 4064; x_wconf 79' lang='lat' dir='ltr'><strong>pen.</strong></span> 
     </span>
     <span class='ocr_line' id='line_1_99' title="bbox 1664 4075 2759 4140; baseline -0.001 -14"><span class='ocrx_word' id='word_1_500' title='bbox 1664 4075 1718 4126; x_wconf 80' lang='lat' dir='ltr'><strong>ff.</strong></span> <span class='ocrx_word' id='word_1_501' title='bbox 1751 4075 1817 4125; x_wconf 91' lang='lat' dir='ltr'><strong>de</strong></span> <span class='ocrx_word' id='word_1_502' title='bbox 1831 4077 1959 4139; x_wconf 86' lang='lat' dir='ltr'><strong>just.</strong></span> <span class='ocrx_word' id='word_1_503' title='bbox 1983 4084 2040 4125; x_wconf 86' lang='lat' dir='ltr'><strong>et</strong></span> <span class='ocrx_word' id='word_1_504' title='bbox 2050 4077 2200 4140; x_wconf 85' lang='lat' dir='ltr'><strong>jure:</strong></span> <span class='ocrx_word' id='word_1_505' title='bbox 2235 4076 2415 4140; x_wconf 86' lang='lat' dir='ltr'><strong>itaque</strong></span> <span class='ocrx_word' id='word_1_506' title='bbox 2461 4076 2477 4103; x_wconf 86' lang='lat'>‘</span> <span class='ocrx_word' id='word_1_507' title='bbox 2499 4077 2759 4140; x_wconf 84' lang='lat' dir='ltr'><strong>majestas·</strong></span> 
     </span>
     <span class='ocr_line' id='line_1_100' title="bbox 1661 4147 2742 4216; baseline -0.001 -13"><span class='ocrx_word' id='word_1_508' title='bbox 1661 4154 1716 4203; x_wconf 90' lang='lat' dir='ltr'><strong>in</strong></span> <span class='ocrx_word' id='word_1_509' title='bbox 1738 4147 1883 4203; x_wconf 75' lang='lat' dir='ltr'><strong>omni&#39;</strong></span> <span class='ocrx_word' id='word_1_510' title='bbox 1897 4153 2116 4216; x_wconf 86' lang='lat' dir='ltr'><strong>imperio</strong></span> <span class='ocrx_word' id='word_1_511' title='bbox 2136 4151 2257 4201; x_wconf 84' lang='lat' dir='ltr'><strong>est.&#39;</strong></span> <span class='ocrx_word' id='word_1_512' title='bbox 2318 4152 2459 4201; x_wconf 85' lang='lat' dir='ltr'><strong>Tull.</strong></span> <span class='ocrx_word' id='word_1_513' title='bbox 2484 4165 2582 4214; x_wconf 88' lang='lat' dir='ltr'><strong>pro</strong></span> <span class='ocrx_word' id='word_1_514' title='bbox 2603 4152 2742 4202; x_wconf 75' lang='lat' dir='ltr'><strong>Aulo</strong></span> 
     </span>
     <span class='ocr_line' id='line_1_101' title="bbox 1664 4227 2777 4300; baseline -0.002 -21"><span class='ocrx_word' id='word_1_515' title='bbox 1664 4227 1925 4280; x_wconf 87' lang='lat' dir='ltr'><strong>Cluentio.</strong></span> <span class='ocrx_word' id='word_1_516' title='bbox 1977 4229 2160 4280; x_wconf 76' lang='lat' dir='ltr'><strong>Quint.</strong></span> <span class='ocrx_word' id='word_1_517' title='bbox 2210 4241 2312 4278; x_wconf 84' lang='lat' dir='ltr'><strong>vn.</strong></span> <span class='ocrx_word' id='word_1_518' title='bbox 2345 4232 2395 4278; x_wconf 75' lang='lat'><strong>8.</strong></span> <span class='ocrx_word' id='word_1_519' title='bbox 2415 4227 2539 4277; x_wconf 80' lang='lat' dir='ltr'><strong>fine.</strong></span> <span class='ocrx_word' id='word_1_520' title='bbox 2560 4235 2777 4300; x_wconf 65' lang='lat' dir='ltr'><strong>noster-1⁵</strong></span> 
     </span>
     <span class='ocr_line' id='line_1_102' title="bbox 1660 4300 2773 4371; baseline 0.004 -14"><span class='ocrx_word' id='word_1_521' title='bbox 1660 4306 1719 4357; x_wconf 80' lang='lat' dir='ltr'><strong>in</strong></span> <span class='ocrx_word' id='word_1_522' title='bbox 1755 4307 1976 4371; x_wconf 73' lang='lat' dir='ltr'><strong>Eutrop.</strong></span> <span class='ocrx_word' id='word_1_523' title='bbox 2023 4305 2195 4360; x_wconf 63' lang='lat' dir='ltr'><strong>lib-,u</strong></span> <span class='ocrx_word' id='word_1_524' title='bbox 2259 4300 2483 4358; x_wconf 53' lang='lat' dir='ltr'><strong>‘tanaro</strong></span> <span class='ocrx_word' id='word_1_525' title='bbox 2510 4304 2773 4362; x_wconf 57' lang='lat' dir='ltr'><strong>imm.</strong></span> 
     </span>
    </p>
   </div>
  </div>
 </body>
</html>
