3034 4934
1017 425 1022 429 -
1067 397 1149 448 m
1198 364 1555 448 ιωιιικιιιι
1598 397 1745 448 ma.
1792 398 1843 448 1.
1880 421 1881 426 =
2370 379 2551 447 '1237

343 556 565 593 excusso
603 547 756 594 sonat
778 544 964 594 Tortus
998 541 1241 607 flagello?
1304 542 1412 594 Sed

348 619 490 671 aliud
524 626 606 671 est
642 622 762 672 torti
783 636 981 684 angues,
1014 621 1155 671 alind
1175 621 1294 670 torti
1309 621 1413 670 hia·

343 702 454 748 tus:
479 698 607 747 nihil
628 698 786 763 igitur
802 698 1119 748 mutandum.
1149 698 1220 746 D.
1242 698 1412 749 Heius.

410 779 476 825 68
508 774 695 838 Anceps
713 780 868 825 motus
887 773 1014 837 emt]
1048 775 1128 824 Ex
1152 774 1371 823 Marone
1393 788 1408 822 ι

337 850 650 901 ⁴Scinditnr
687 850 944 902 incertum
978 850 1150 900 studia
1187 850 1243 899 in
1288 863 1411 900 con·

341 926 508 977 traria
531 927 756 992 vulgus?

407 1006 476 1052 69
507 1004 768 1065 Dittajura
779 1004 998 1068 tuentur]
1021 1004 1159 1057 Quia
1178 1005 1275 1054 sub
1297 1004 1411 1068 ejus

339 1075 565 1141 imperio
589 1081 667 1130 vis
688 1091 865 1130 eornm
889 1081 1178 1131 constabat.
1232 1080 1410 1131 Barth.

408 1155 549 1204 Ditis
576 1155 699 1216 jura
733 1156 950 1220 tuentur]
1000 1157 1085 1207 Sic
1127 1156 1406 1207 Lucensis:

343 1229 435 1279 alii
457 1232 607 1281 multi
628 1247 696 1282 ex
716 1232 1014 1282 melioribus
1034 1237 1217 1283 tuetur.
1283 1233 1410 1282 Vul-

341 1306 455 1371 gati
477 1308 648 1358 minus
663 1308 804 1359 bene
822 1314 1029 1372 veretur,
1044 1309 1290 1374 quicquid
1307 1307 1412 1358 dis·

341 1383 501 1434 sentit
521 1384 602 1433 vir
631 1385 849 1436 doctus:
883 1387 1106 1435 matur
1143 1385 1409 1435 Farnesia-

337 1473 455 1526 uus.
491 1460 635 1512 Naso
669 1463 702 1512 l.
724 1475 809 1512 111.
831 1461 1010 1513 Amor.
1054 1463 1135 1513 El.
1157 1467 1206 1513 4.
1259 1463 1275 1492 ‘
1298 1463 1409 1512 vul·

343 1544 530 1602 tueque
551 1552 762 1589 severos
784 1540 961 1589 Exuet
995 1552 1095 1589 nec
1118 1539 1269 1604 rigidi
1286 1539 1409 1603 jura

341 1623 490 1664 tuere
531 1615 627 1665 viri
646 1613 678 1664 ε’
707 1615 783 1664 sic
815 1617 964 1677 legem
999 1614 1251 1675 defendere
1287 1616 1405 1665 Val.

343 1691 520 1744 Flacc.
542 1691 631 1742 lib.
655 1705 693 1742 ι.
740 1693 755 1719 ‘
773 1692 1058 1757 AEquoreos
1095 1698 1248 1744 vocat
1281 1707 1407 1742 ecce

341 1767 465 1817 deos
489 1769 767 1832 Neptunus
800 1776 857 1819 et
884 1769 1064 1833 ingens
1081 1768 1404 1818 Concilium:

340 1842 580 1895 fremere
588 1851 646 1895 et
667 1846 834 1910 legem
867 1843 1155 1896 defendere
1198 1847 1406 1896 cuncti?

339 1921 411 1973 D.
436 1922 604 1972 Heius.

393 2002 469 2049 70
505 1999 830 2065 Dis-tensaque
849 2001 998 2051 alitur
1011 2000 1195 2063 rumor]
1241 2001 1403 2050 Sonus

337 2075 593 2140 quispiam
645 2077 1008 2140 tumultuosus,
1074 2092 1173 2128 nec
1226 2078 1406 2127 distin·

338 2151 574 2215 guendus
597 2152 805 2214 anditu3
840 2153 1047 2218 qualem
1082 2154 1215 2203 scite
1249 2154 1404 2203 maris

333 2221 627 2280 tumoribus
648 2245 767 2280 mox
793 2234 981 2294 aequat.
1046 2230 1145 2280 Est
1180 2244 1303 2294 ergo
1324 2244 1403 2279 ru-

333 2311 437 2355 mo‘r
473 2306 723 2357 obscurus
748 2307 956 2371 qnidam
996 2301 1249 2371 strepitus
1288 2307 1403 2358 abs·

337 2394 440 2445 que
464 2381 626 2432 certis
650 2382 862 2432 vocibus
885 2381 1186 2434 audiendus.
1221 2384 1400 2435 Barth.

401 2462 465 2508 71
508 2459 752 2521 Impetum
803 2459 937 2523 quies
983 2460 1184 2524 Pelagi]
1242 2461 1402 2512 Quies

337 2535 618 2601 quapiam,
638 2551 793 2601 qnam
816 2544 989 2588 tamen
1024 2526 1226 2601 pacem,
1248 2552 1401 2601 paea-

336 2617 546 2677 tsmque
568 2612 743 2662 dicere
767 2627 870 2662 non
893 2615 1080 2676 possis,
1098 2613 1166 2662 ob
1188 2614 1402 2677 pelagus

332 2687 608 2751 incertum,
640 2688 780 2752 quod
806 2702 925 2737 mox
947 2689 1242 2752 proverbio‘
1252 2695 1402 2740 extu·

334 2764 403 2815 lit
448 2758 632 2814 ‘flavis
675 2765 923 2815 incertius
968 2764 1156 2815 undis?
1218 2764 1306 2816 Sic
1344 2772 1402 2815 et

333 2841 477 2905 apud
532 2842 721 2894 Horat.
786 2844 802 2872 ‘
824 2842 1043 2908 Magnas
1085 2838 1234 2893 inter'
1275 2857 1401 2908 opes

333 2918 525 2983 inope!
591 2920 771 2971 Barth.

398 2996 617 3046 Flumine
626 2996 815 3064 fracto]
863 2997 951 3047 Ita
984 2998 1275 3063 Cujsciani‚
1316 2998 1402 3049 Al·

331 3070 463 3136 dini,
480 3073 797 3137 Bentiuiani‚
820 3074 1295 3140 Lugdunensesque
1314 3089 1402 3125 en-

332 3148 481 3215 tiqui.
541 3151 669 3199 Tres
712 3165 837 3201 vero
875 3151 1073 3216 Belga»,
1107 3153 1401 3213 Delrianus‚

331 3227 633 3292 Nosterque
657 3228 882 3293 flumine.
926 3230 1181 3294 Lucanus,
1205 3231 1339 3282 libro
1362 3247 1398 3282 ι.

331 3303 347 3331 ‘
362 3303 504 3353 molli
529 3309 638 3353 tum
657 3310 849 3355 caetera
867 3306 1064 3371 rumpit
1080 3307 1255 3358 Turba
1272 3307 1403 3358 vado

334 3378 494 3431 fracti
549 3379 731 3431 faciles
765 3382 878 3446 jam
920 3379 1145 3433 fluminis
1200 3384 1401 3434 undas!

327 3457 525 3510 Nescio
548 3463 722 3510 tamen
745 3472 809 3508 an
833 3474 930 3522 pro
970 3474 1216 3523 oequoreo
1240 3458 1402 3510 fluctu

327 3535 554 3585 voluerit
578 3535 767 3598 fiumen
812 3535 1008 3585 dicere.
1076 3537 1251 3589 Quare
1274 3536 1402 3585 alte·

327 3625 446 3661 rum
469 3612 665 3662 malim.
703 3629 716 3642 ⁹
732 3613 884 3662 Idem.

393 3693 460 3739 72
493 3689 741 3753 Soevitque
756 3687 938 3752 tumor]
972 3688 1246 3754 Relliquiae
1272 3683 1399 3739 tem·

327 3764 551 3831 pestatis
574 3765 627 3815 in
643 3766 892 3815 immenso
913 3779 1121 3830 aequore
1143 3771 1264 3829 post
1284 3780 1399 3816 eam

324 3847 531 3892 tumore
583 3842 828 3906 quopiam
866 3843 1121 3893 saevitiam
1167 3844 1403 3907 praeteri-

329 3925 436 3968 tam
491 3916 799 3969 referente&
864 3920 952 3969 Sic
1005 3925 1160 3969 tumor
1201 3921 1403 3984 ‹equor-ie

325 3995 583 4061 praedixit
609 4001 998 4058 tempestatem.
1053 3997 1205 4046 Idem.

397 4071 705 4135 Dubiumque
746 4086 834 4135 per
888 4074 1080 4137 aestum]
1132 4073 1400 4132 Incertum

325 4146 472 4200 velut
514 4153 755 4209 resurgat
790 4161 858 4196 an
896 4147 1133 4197 considat
1170 4148 1397 4211 penitus.

321 4222 521 4289 virgil.
555 4223 753 4289 Georg.
775 4238 816 4276 1.
849 4225 866 4254 ‘
887 4224 1028 4276 Hinc
1059 4232 1401 4292 tempestates

1486 543 1646 594 dubio
1693 554 2017 608 praenoscere
2059 543 2193 608 coelo
2231 540 2549 594 Possumus!

1486 621 1640 670 Idem.

1550 704 1614 750 73
1657 700 1872 763 Vestigia
1909 698 2060 763 venti]
2110 698 2406 765 Relliquiae,
2431 699 2552 749 ulti·

1483 790 1569 826 ma
1591 776 1800 827 indicia.
1838 778 1987 827 Idem.

1549 855 1612 901 75
1647 853 1816 902 Animi
1834 851 2063 916 profanus
2083 851 2238 914 error]
2294 851 2424 901 Cum
2446 849 2554 900 ani·

1482 942 1595 978 mus
1613 930 1736 979 sede
1769 945 1863 980 sua
1894 937 2061 980 motus
2084 935 2226 978 errat
2247 927 2405 989 velut,
2421 926 2551 976 nihil

1483 1020 1654 1071 neque
1678 1013 1914 1056 sanctum
1948 1020 2115 1071 neque
2136 1000 2426 1069 'profanum
2454 1017 2551 1053 ιιι-

1485 1082 1651 1132 timat.
1716 1083 1877 1132 Error
1900 1083 2075 1142 animi,
2095 1080 2314 1131 insania.
2351 1079 2504 1129 Idem.

1547 1162 1612 1207 76
1645 1158 1838 1223 Spumis
1879 1158 2168 1222 furialibus]
2221 1158 2237 1187 ‘
2262 1157 2350 1206 Ira
2403 1155 2550 1206 furor

1480 1235 1656 1286 brevis
1694 1244 1775 1287 est
1789 1237 1824 1297 ;’
1872 1237 1939 1286 de
1963 1252 2066 1302 quo
2104 1235 2252 1285 infra.
2318 1234 2550 1297 Spumare

1481 1312 1845 1363 iracundorum
1868 1315 1924 1363 in
1941 1313 2187 1364 extremis
2207 1311 2371 1361 furiis.
2426 1311 2552 1361 Gel-

1481 1388 1597 1454 lius,
1644 1404 1684 1440 1.
1733 1404 1888 1442 xxvr.
1958 1392 2161 1455 ‘neque
2217 1390 2272 1438 in
2316 1401 2550 1452 spumam

1482 1464 1824 1532 ruboremque
1874 1464 2183 1528 effervesco‚·
2230 1478 2400 1529 neque
2455 1476 2552 1527 pu-

1480 1542 1654 1594 denda
1695 1543 1812 1594 dico
1868 1550 1961 1593 ant
2018 1541 2334 1608 poenitenda,
2375 1554 2549 1604 neque

1480 1620 1689 1670 omnino
1726 1619 1932 1685 trepido
1970 1619 2049 1668 ira
2089 1625 2180 1670 aut
2217 1617 2403 1683 gestio,
2436 1616 2549 1665 haec

1481 1696 1622 1745 enim
1664 1696 1853 1757 omnia,
1890 1695 1935 1744 si
1973 1695 2201 1759 ignoras,
2241 1694 2389 1758 signa
2433 1703 2551 1741 esse

1477 1771 1672 1828 irarum
1711 1770 1917 1823 solent!
1983 1772 2136 1821 Idem·

1543 1852 1608 1897 78
1640 1847 1986 1912 [uic-itumque]
2037 1848 2157 1897 Non
2187 1845 2422 1895 hostilem
2455 1841 2547 1895 sed

1476 1924 1778 1974 amicorum.
1842 1925 1996 1975 Idem.
2464 1987 2475 1994 a

1542 2003 1610 2049 79
1646 2000 1839 2050 Terruit
1875 2000 2104 2051 Herculis
2139 2000 2250 2062 ora]
2311 1997 2546 2062 Megffira

1477 2075 1727 2126 insaniam
1747 2077 2005 2127 movebat.
2071 2077 2220 2126 Idem.

1543 2158 1608 2203 8⁰
1641 2155 1712 2203 Et
1733 2153 2018 2217 defensores]
2072 2153 2160 2203 Ita
2178 2167 2297 2203 cum
2321 2150 2547 2202 Lucensi

1477 2231 1614 2281 malo
1649 2245 1801 2297 quam
1841 2231 1994 2281 fleo.-
2045 2231 2111 2279 de
2149 2229 2380 2280 Hercule
2408 2227 2546 2277 enim

1477 2306 1649 2358 adhuc
1673 2322 1861 2359 sermo.
1901 2309 2007 2358 Pro
2037 2308 2210 2368 maa»,
2232 2305 2401 2355 Theba.»
2423 2315 2544 2354 mox

1477 2396 1595 2431 cum
1622 2384 1788 2447 primo
1808 2383 2063 2434 Vaticano
2088 2390 2310 2448 quatuor
2330 2381 2511 2445 scripti
2526 2396 2543 2430 ι

1477 2461 1631 2509 male.
1702 2461 1767 2510 D.
1787 2460 1959 2510 Heius.

1543 2535 1827 2595 Defensores
1841 2535 2102 2598 terrarum]
2127 2535 2350 2587 Omnem
2369 2533 2546 2584 orbem

1477 2617 1730 2661 terrarum
1769 2612 1979 2675 pacavit
2003 2607 2278 2676 Hercules.
2332 2609 2512 2659 Barth.

1530 2689 1753 2753 Polluit]
1782 2685 2114 2739 κΡιιιϊίιιὶιίἰο.
2179 2687 2316 2737 Vide
2338 2686 2549 2752 Euripi-

1476 2766 1598 2816 dem
1619 2772 1673 2814 et
1694 2765 1945 2815 Senecam
1964 2765 2016 2815 in
2040 2766 2288 2814 Furente.

1477 2877 1484 2886 .
1544 2846 1605 2892 81
1646 2841 1844 2906 Spicula
1879 2842 2086 2906 dextroe]
2137 2841 2385 2891 Athamas
2412 2841 2544 2891 ’Πιε-

1477 2918 1662 2967 barum
1685 2932 1799 2981 rex,
1831 2918 2009 2982 primis
2045 2917 2242 2982 nuptiis
2273 2916 2548 2981 Nephelen

1479 2996 1650 3058 duxit,
1688 3009 1756 3045 cx
1789 3010 1893 3060 qua
1935 2995 2165 3059 suscepit
2198 2995 2465 3058 Phryxum
2490 2999 2548 3052 et

1480 3072 1708 3123 Hellen:
1745 3086 1810 3122 ea
1828 3086 1954 3122 vero
1968 3071 2178 3121 dimissa
2199 3070 2298 3121 Ino
2333 3071 2577 3120 uxorem·

1477 3149 1641 3214 cepit,
1665 3164 1782 3214 quae
1819 3149 1894 3197 illi
1932 3136 2138 3213 peperit
2174 3145 2458 3204 Learchum
2490 3151 2549 3194 et

1479 3227 1853 3291 Palaemonem,
1876 3240 2093 3291 quorum
2117 3224 2338 3289 primum
2367 3222 2547 3272 furens

1476 3302 1779 3365 interfecit3
1813 3303 2036 3354 alterum
2074 3302 2228 3352 simili
2267 3299 2378 3348 fato
2398 3297 2548 3347 fune-

1479 3387 1643 3443 turus‚
1675 3380 1773 3429 nisi
1796 3395 1910 3429 etun
1951 3393 2015 3427 eo
2052 3383 2223 3428 mater
2258 3377 2355 3426 Ino
2388 3373 2579 3438 fugias

1479 3462 1590 3506 set:
1626 3455 1724 3506 sed
1760 3456 1833 3505 nil
1869 3469 1999 3518 opus
2039 3454 2094 3502 in
2128 3468 2184 3503 re
2209 3459 2336 3502 uota
2367 3451 2546 3500 immo-

1477 3533 1604 3581 rari.
1670 3531 1808 3583 Stat.
1829 3532 1921 3581 lib.
1945 3543 2008 3582 11.
2027 3531 2173 3595 Sylv.
2197 3535 2248 3580 1.
2314 3530 2330 3558 ‘
2345 3529 2543 3578 Torvus

1477 3609 1645 3660 adhuc
1678 3609 1927 3659 Athamas
1962 3610 2171 3658 insanos
2203 3605 2443 3658 flecteret
2465 3620 2546 3653 ar-

1473 3700 1598 3735 cus.
1584 3685 1619 3715 ·’
1653 3693 1708 3736 et
1730 3685 1821 3736 lih.
1857 3685 2019 3734 Theb.
2036 3685 2205 3748 princ.
2245 3676 2359 3736 Qui'
2386 3682 2540 3747 plura

1476 3762 1646 3826 cupis,
1698 3762 1882 3811 evolve
1941 3760 2120 3812 Natal.
2173 3760 2320 3811 Gom.
2376 3762 2544 3810 v1.9.

1476 3839 1749 3901 Dea-apator.

1539 3915 1756 3979 Spicula]
1823 3915 1996 3966 Nullis
2043 3913 2344 3978 ambagibus
2392 3927 2544 3978 opns.

1474 3991 1613 4042 Vide
1637 3990 1906 4052 Ovidium,
1937 3993 2216 4056 l.1v.,&.c
2283 3988 2542 4052 Intelligit

1475 4070 1695 4133 sagittas
1720 4069 1906 4135 quibus
1936 4068 2205 4133 conjugem
2241 4066 2539 4129 liberosque
2580 4060 2585 4064 ’

1474 4147 1699 4210 peremit
1736 4145 2006 4197 Athamas.
2071 4146 2213 4208 Lege
2240 4139 2540 4206 ‚Apollodo-

1475 4237 1610 4287 rum,
1653 4222 1746 4276 lib.
1787 4236 1829 4274 ι.
1861 4222 2172 4288 Hyginum,
2222 4218 2538 4274 Scholiastas
2576 4225 2585 4234 ’
