3034 4934
1003 415 1099 466 m
1152 415 1512 466 aurinum
1560 416 1709 467 ma.
1755 409 1808 467 ι.
2344 381 2519 470 12δὶ

317 561 489 614 truci.⁹

305 654 320 664 ·
369 635 653 699 Fraxinus]
706 638 990 689 Hastarum
1036 654 1184 689 omne
1219 653 1379 703 genus

317 716 469 764 unius
505 729 683 764 earnm
724 729 815 763 usu
850 716 1154 765 excellentis
1187 716 1382 764 arboris

309 792 511 856 posuit.
577 790 849 855 Papinius,
914 792 1008 841 lib.
1050 806 1169 842 vn:
1216 795 1232 821 ‘
1260 791 1382 842 belli

315 874 511 931 ‘potura
526 880 734 917 cruores
750 868 1039 917 Fraxinus!
1075 870 1252 919 Bau-th.

315 967 322 972 ¹
384 948 484 994 219
519 945 631 993 Non
650 951 817 995 ventus
843 949 1058 1008 quateret
1083 945 1281 1010 puppes]
1315 945 1384 1004 Α,

320 1022 510 1072 varitia
562 1022 881 1085 excogitavit
950 1024 1117 1072 maria
1172 1023 1385 1086 navigiis

318 1100 630 1162 transgredi,
648 1105 955 1150 mercaturae
980 1101 1195 1163 gratiae3
1231 1113 1383 1164 quam

316 1175 463 1225 inter
494 1189 699 1225 caussas
734 1175 961 1225 turbatae
994 1176 1113 1225 vitae
1147 1177 1385 1225 humana:

321 1252 587 1318 ponebant
602 1254 686 1301 vel
701 1253 975 1302 maximam
991 1262 1211 1303 veteres.
1239 1254 1386 1303 Idem.

317 1333 326 1360 ²
389 1332 488 1378 220
524 1329 774 1378 Crescebat
796 1332 1025 1378 scelerata
1056 1329 1186 1393 sitis]
1221 1330 1388 1378 Paca-

322 1412 410 1455 tus
432 1405 496 1455 de
514 1405 695 1454 eadem
714 1405 1033 1469 cupiditate:
1068 1406 1086 1433 ⁴
1105 1408 1235 1471 Spes
1253 1406 1391 1456 inter

317 1483 440 1532 ‹haec
485 1483 625 1532 nulla
662 1482 924 1545 praedonis‘
970 1484 1246 1548 explendi:
1289 1499 1389 1534 nec

328 1559 488 1620 enim,
509 1562 568 1607 ut
590 1564 777 1607 natura
794 1557 911 1619 fert,
932 1560 1137 1623 copiam
1175 1562 1390 1610 satietas

246 1641 249 1645 ’
315 1634 678 1699 sequebatur:
714 1635 983 1684 crescebat
1014 1636 1181 1686 indies
1202 1637 1393 1686 haben·

316 1715 382 1764 ‘di
404 1714 589 1777 fames,
613 1719 668 1763 et
692 1714 906 1777 parandi
935 1714 1129 1765 rabiem
1155 1722 1306 1779 parta
1328 1717 1393 1765 ir·

325 1791 609 1841 ritabant.’'
660 1791 766 1842 Qui
802 1789 939 1839 idem
977 1805 1096 1840 mox
1128 1791 1395 1858 Charybdi

331 1876 621 1934 comparat,
661 1875 723 1919 ut
755 1877 936 1919 noster
974 1886 1128 1934 supra
1182 1870 1394 1935 Pelago.

330 1945 503 1997 AEtnae
521 1946 799 1996 Bo‘e‘thius:
823 1948 840 1975 ‘
858 1945 961 1995 Sed
981 1948 1169 1996 saevior
1190 1947 1396 2010 ignibus

330 2022 499 2072 AEtnae
524 2021 751 2071 Fervens
782 2020 946 2071 Amor
969 2021 1122 2071 ardet
1141 2020 1399 2071 habendi!

331 2097 617 2148 &elev-atam
638 2100 774 2148 sitim
803 2098 1013 2162 impiam
1046 2104 1101 2148 et
1122 2098 1397 2148 abhorren-

334 2182 441 2226 tem
465 2189 496 2224 a
518 2172 774 2226 communi
794 2175 906 2224 vita
929 2180 1098 2224 vocat.
1132 2174 1284 2225 Idem.

396 2256 493 2303 221
529 2252 757 2315 Petendi]
802 2248 850 2300 A
880 2251 1130 2316 Principe
1164 2250 1401 2300 nimirum

337 2328 581 2380 Arcadio.
615 2329 763 2380 Idem.
797 2335 804 2344 ‘
1038 2356 1042 2359 >

401 2410 500 2457 222
536 2405 786 2469 Periuria]
825 2406 1104 2456 Hominem
1135 2404 1404 2469 Reipubli-

338 2498 416 2534 cae
443 2484 493 2532 in
519 2487 670 2548 parte
694 2482 793 2532 sibi
817 2482 1089 2533 commissa
1124 2481 1405 2545 praesiden-

243 2557 258 2563 ’
333 2569 447 2613 tem
471 2560 693 2609 maxime
709 2561 807 2610 hoc
826 2574 985 2624 genus
1002 2558 1237 2609 dedecet.
1256 2558 1405 2608 Idem.

323 2653 332 2658 ·
405 2637 633 2700 Per-juria
669 2637 818 2687 nectit
859 2634 1150 2697 Blanditiis]
1205 2634 1292 2684 Ita
1315 2631 1405 2682 Al·

339 2714 452 2774 dus,
475 2721 530 2765 et
553 2728 729 2764 omnes
754 2713 955 2777 scripti,
977 2726 1078 2761 uno
1100 2712 1298 2761 Moreti
1320 2726 1405 2760 ex-

331 2797 516 2857 ‘cepto,
539 2792 591 2843 in
633 2806 735 2856 qao
757 2792 932 2840 nutv-23.
1003 2789 1189 2854 Vulgo,
1227 2789 1406 2838 miscet.

329 2871 430 2922 stc
468 2869 607 2934 apud
645 2868 890 2929 Statium,
928 2866 1094 2916 Theb.
1127 2880 1208 2915 v.:
1242 2865 1258 2892 ‘
1282 2863 1405 2928 quid

341 2947 499 3010 longa
527 2946 674 2995 malis
702 2944 920 2995 exordia
942 2942 1136 2994 necto!
1162 2943 1275 2993 Lib.
1298 2941 1406 2992 im:

339 3026 359 3052 ⁸
383 3023 559 3074 Graiis
598 3020 925 3085 Sidoniisque
977 3020 1126 3069 simul
1161 3019 1413 3069 nectebat

335 3098 530 3150 ‘funera
564 3097 815 3149 Mavors.'
870 3096 984 3147 Lib.
1024 3110 1188 3146 vm.:
1224 3098 1240 3125 ‘
1270 3095 1413 3146 Talia

345 3177 653 3237 nectebant,
680 3175 855 3225 subito
878 3189 995 3223 cum
1017 3174 1169 3239 pigra
1191 3175 1414 3224 tumultu

335 3252 581 3316 Expavit
603 3252 783 3302 domus
803 3250 835 3299 :'
858 3251 932 3299 ita
953 3251 1193 3302 metim-es
1214 3249 1417 3314 scripti,

347 3330 720 3393 nonJ‘actaban't.
763 3329 1086 3384 Achilleidos
1108 3345 1147 3379 ι.
1165 3346 1244 3381 vs.
1265 3334 1413 3380 185.:

347 3413 365 3440 ⁸
388 3410 525 3459 Tum
547 3409 711 3458 libare
733 3408 898 3471 dapes
926 3408 1274 3470 Baccheaque
1309 3421 1418 3454 mu·

345 3500 480 3537 nera
524 3488 714 3538 Chiron
755 3487 910 3547 Orat,
933 3493 986 3534 et
1010 3486 1251 3534 attonitae
1276 3485 1418 3533 varia

1454 560 1705 624 Sequenti
1730 574 1883 610 versu
1910 559 2082 611 Oxon.
2105 566 2162 611 et
2182 560 2376 625 Regius
2393 555 2524 624 peri·

1452 644 1609 701 taras,
1626 654 1727 687 uon
1752 640 2000 702 perituro.-
2034 640 2171 705 quod
2202 654 2304 689 non
2343 639 2523 704 displi-

1456 725 1573 765 cet:
1624 731 1793 780 neque
1833 716 1987 766 aliter
2031 715 2181 781 prim.
2230 716 2520 766 Vaticanus

1457 808 1488 842 a
1529 808 1682 843 manu
1721 793 1965 844 secunda.
2030 796 2250 844 Versum
2290 793 2523 859 proxime

1456 878 1757 935 sequentem
1798 885 1896 920 uon
1943 870 2203 921 immerito
2228 877 2526 935 suspectum

1455 950 1617 999 habet
1635 949 1900 1000 Barthius.
1934 950 2001 1000 D.
2026 950 2201 1000 Heius.

1459 1033 1464 1044 ²
1524 1028 1620 1075 223
1659 1026 1856 1075 Foedere
1879 1025 2098 1088 dextras]
2123 1027 2334 1090 Manus,
2356 1031 2415 1076 ut
2440 1023 2527 1075 no'·

1460 1103 1580 1153 stris
1594 1102 1822 1152 moribus
1835 1103 2005 1161 hodie,
2025 1103 2098 1151 sic
2116 1102 2301 1167 priscis
2322 1115 2530 1167 quoqne

1459 1180 1670 1245 seculis,
1688 1180 1812 1229 fidei
1846 1184 1901 1229 et
1935 1179 2174 1229 amicitiae
2199 1178 2530 1241 sponsionem

1460 1257 1607 1309 facit.
1680 1258 1877 1307 Foedera
1910 1257 1996 1306 hic
2036 1256 2165 1306 dicit
2197 1254 2533 1317 Claudianus,

1462 1335 1584 1400 quia
1597 1335 1896 1398 juramenta
1921 1331 2158 1382 manibus
2194 1331 2330 1381 datis
2364 1330 2540 1380 conci-

1463 1412 1758 1476 piebantur.
1814 1410 1993 1460 Barth:
2332 1425 2341 1432 ’

1530 1492 1627 1538 224
1661 1487 1836 1551 Semel]
1892 1485 2211 1551 Aliquando.
2244 1483 2533 1548 Virgilius:

1467 1566 1677 1616 ‘Semel
1714 1564 1985 1615 informem
2028 1570 2171 1614 vasto
2210 1564 2403 1614 vidisse
2438 1562 2536 1612 sub

1468 1650 1618 1707 antro
1679 1641 1938 1706 Scyllam?
1989 1641 2133 1691 Tanti
2185 1646 2268 1691 tot
2311 1640 2540 1705 signant.

1468 1718 1620 1770 Idem.
1844 1749 1847 1752 π

1534 1798 1631 1845 226
1667 1796 1790 1851 Quae
1824 1795 1892 1844 sic
1928 1795 2096 1845 Getuli
2120 1792 2307 1856 ‘jac-ulo]
2365 1793 2539 1842 Getulo

1469 1869 1708 1933 legebam
1733 1869 1888 1918 olim:
1935 1885 2070 1919 nunc
2109 1872 2282 1934 placet
2318 1869 2541 1918 Bononi-

1479 1949 1615 1998 ensis
1669 1948 1791 1996 libri
1844 1948 2021 2012 lectio,
2071 1950 2263 2010 gentili.
2350 1947 2543 1998 Getulis

1475 2024 2006 2089 Rottendorphianus.
2043 2024 2287 2076 Juvenal.
2317 2024 2429 2074 Sat.
2456 2036 2542 2073 111.

1476 2100 1543 2151 de
1572 2100 1792 2165 Oronte,
1823 2102 1838 2128 ‘
1858 2101 2073 2165 gentilia
2097 2106 2344 2164 tympana
2366 2112 2543 2148 secum

1478 2177 1679 2228 Vexit!
1749 2177 1950 2227 Seneca
1995 2177 2229 2226 Hercule
2273 2177 2394 2224 Fur.
2426 2176 2542 2225 ‘Te

1473 2265 1649 2305 ramus
1672 2254 1801 2304 oleae
1834 2251 2019 2302 fronde
2042 2253 2223 2315 gentili
2247 2256 2394 2315 tegat
2409 2251 2542 2301 The-

1477 2331 1623 2383 seu:'
1652 2331 1873 2394 populari
1916 2329 2139 2379 Ovidius
2183 2328 2445 2378 dixisset:
2487 2332 2548 2376 ut

1477 2410 1570 2460 lib.
1591 2421 1690 2458 vn.
1712 2408 1846 2456 Met.
1886 2405 1951 2455 de
1988 2403 2251 2468 Cephalo:
2290 2402 2308 2432 ‘
2327 2416 2547 2453 ramum-

1480 2502 1579 2552 que
1601 2484 1774 2534 ferens
1813 2482 2076 2548 popularis
2115 2479 2298 2530 olivae.’
2345 2479 2548 2529 Glossae

1481 2562 1733 2627 Stephani
1788 2560 1940 2622 bene,
2015 2558 2245 2621 Gentilis,
2312 2555 2552 2617 δμοεθνής.

1481 2641 1825 2692 Nemesianus
1880 2637 2218 2701 Cynegetico‚
2275 2636 2291 2664 ‘
2324 2636 2406 2686 Sit
2447 2635 2548 2684 tibi

1481 2723 1743 2780 praeterea
1782 2713 2006 2778 sonipes,
2049 2712 2350 2762 Maurusica
2393 2712 2550 2762 tellus

1484 2794 1654 2844 Quem
1695 2790 1878 2853 mittit,
1921 2789 2077 2840 modo
2109 2790 2179 2839 sit
2211 2789 2395 2853 gentili
2435 2800 2552 2838 san·

1487 2869 1641 2933 guine
1652 2866 1857 2917 firmus!
1889 2865 2211 2927 Ammianus,
2232 2865 2361 2915 libro
2380 2877 2516 2914 xvu.
2539 2880 2552 2912 ι

1485 2947 1503 2975 ‘
1530 2946 1873 3009 Occuparunt
1917 2943 2136 2993 latibula
2179 2944 2553 3004 Sarmatarum,

1488 3038 1617 3088 quos
1634 3022 1937 3085 repentinus
1953 3019 2142 3071 fefellit
2153 3026 2419 3083 aspectus,
2435 3032 2558 3083 gen·

1490 3099 1611 3149 tiles
1635 3100 1829 3149 lembos
1853 3107 1909 3148 et
1922 3097 2135 3161 remigia
2152 3085 2554 3159 conspicantes!

1491 3179 1507 3205 ‘
1535 3177 1748 3227 Gentile
1768 3174 1976 3226 fretum’
2024 3176 2222 3224 Statius
2256 3171 2559 3223 Surrentino

1492 3253 1682 3303 Pollii:
1727 3260 1781 3301 et
1826 3251 2059 3301 Hercule
2099 3248 2420 3311 Surrentino,
2450 3248 2466 3274 ⁴
2489 3246 2557 3295 ri-

1493 3331 1689 3395 detque
1725 3330 1948 3393 benigna
1990 3328 2324 3388 Parthenope
2360 3322 2557 3387 gentile

1495 3421 1697 3456 sacrum
1717 3405 1747 3454 :'
1804 3405 1926 3469 quia
1981 3404 2144 3453 Graia
2192 3401 2557 3462 Parthenope:

1492 3482 1697 3544 gentiles
1732 3485 1875 3529 terra·
1906 3477 2196 3527 hominibus
2222 3480 2463 3538 respectu
2497 3487 2565 3521 ae·

341 3564 705 3616 oblectamina
741 3569 978 3624 nectens,
1003 3560 1161 3611 Elicit
1181 3561 1417 3610 extremo
1495 3556 1668 3620 quotis
1705 3552 2076 3619 Propemptico
2132 3551 2286 3601 Metii
2326 3549 2559 3599 Celeris.
2544 3564 2559 3577 ·

343 3639 599 3703 chelyn?
628 3640 704 3688 ita
727 3639 1060 3701 castigatam,
1099 3633 1272 3699 quod
1260 3649 1313 3684 ιιι
1338 3648 1421 3683 ve·
1493 3633 1511 3662 ‘
1529 3633 1750 3695 Smyrna
1773 3630 1870 3679 tibi
1894 3628 2087 3693 gentile
2125 3626 2307 3676 solum'
2351 3625 2564 3675 Pietate

352 3716 459 3766 teri
495 3714 677 3764 codice
717 3711 1191 3776 deprehendissem,
1242 3709 1420 3758 attoni·
1497 3706 1739 3776 Etrusci3
1759 3713 1918 3772 atque
1938 3705 2009 3753 lta
2031 3705 2118 3754 ille
2139 3702 2354 3753 infinitis
2377 3698 2566 3766 prope-

223 3794 229 3802 ’
260 3835 268 3841 .
351 3796 455 3840 tam
476 3789 932 3839 vuriaoblectaminu
956 3792 1159 3847 nectens,
1180 3799 1297 3834 cum
1316 3784 1421 3833 vidi
1497 3767 1705 3833 modum
1727 3780 1886 3833 loeis.‘
1941 3781 2267 3845 Calpurnius,
2305 3780 2483 3883 Eclog.
2503 3790 2567 3828 ιι.

345 3877 438 3917 me
481 3873 801 3930 praeventum
839 3871 992 3929 gustu
1015 3862 1254 3913 Statiano
1291 3862 1425 3912 Gro-
1501 3863 1518 3890 ‘
1538 3875 1643 3910 non
1666 3859 1885 3925 gentilia
1904 3858 2073 3922 poma’
2106 3864 2278 3919 vocat,
2301 3871 2417 3921 quae
2434 3853 2568 3904 ‘-ad

347 3943 494 3994 novii
538 3943 715 3993 nostri.
779 3943 971 4006 Vulgo,
1001 3940 1255 3991 attonitam
1290 3938 1445 4003 vario·
1499 3938 1691 4003 optiva'
1718 3952 1820 3987 non
1841 3951 1942 3986 uno
1960 3937 2074 3986 loco
2110 3934 2351 3996 Ovidius,
2366 3932 2461 3982 hoc
2483 3936 2568 3980 est

353 4021 663 4071 oblectamine
698 4020 955 4068 malceno-se·
979 4018 1116 4082 quod
1154 4015 1281 4066 ferri
1322 4031 1425 4065 nou
1504 4015 1734 4078 insitiva,
1773 4021 1829 4065 et
1851 4028 1916 4063 ex
1939 4013 2125 4063 arbore
2149 4011 2201 4061 in
2233 4024 2331 4075 qua
2353 4021 2573 4058 nascun-

357 4102 557 4161 potest,
576 4110 690 4145 cum
709 4099 901 4158 pectora
916 4095 1117 4143 »itabens
1131 4094 1288 4158 paulo
1306 4098 1426 4142 aute
1499 4091 1593 4144 ‘tur
1646 4092 1895 4157 originem
1940 4106 2041 4141 non
2090 4088 2346 4140 ducentia.
2400 4091 2416 4116 ⁸
2447 4086 2570 4137 Non

349 4173 743 4239 praecessisset:
791 4172 865 4220 sic
907 4174 1156 4219 ‘nectere
1202 4167 1428 4219 fraudes’
1504 4171 1675 4220 minus
1710 4177 1822 4219 arte
1865 4183 1982 4218 mea
2013 4166 2277 4218 mutabilis
2300 4164 2473 4215 induit
2492 4177 2575 4213 ar-

349 4252 551 4316 Sinos
573 4259 791 4301 nectere
834 4248 997 4299 dolos’
1046 4248 1221 4312 Livio,
1267 4250 1284 4277 ‘
1310 4262 1431 4297 nec·
1508 4246 1606 4296 bor
1642 4246 1860 4309 Ignotas
1898 4243 2113 4294 frondes
2146 4248 2202 4296 et
2233 4255 2338 4290 non
2360 4237 2576 4304 gentilia

353 4338 480 4383 'tere
522 4327 687 4380 nefas’
724 4328 843 4378 Val.
863 4326 1109 4380 ·F:lacco
1148 4333 1205 4377 et
1228 4323 1853 4391 similia.poma.’1ta
1873 4322 2011 4373 enim
2036 4317 2365 4377 scribendum
2397 4331 2466 4371 ax
2486 4329 2576 4368 an·
