3034 4934
909 394 1207 451 nurus
1254 396 1618 453 PROSBRP.
1664 396 1812 447 me.
1856 396 1909 448 ι.
2383 379 2524 449 931·

302 544 623 631 Coeperat
651 552 720 609 et
746 545 981 610 vitreis
1012 560 1278 609 summo
1300 543 1446 628 jam
1474 543 1767 627 margine
1797 542 1963 610 texti

303 649 653 716 Oceanum
678 651 938 715 sinuare
969 649 1203 715 vadis:
1251 648 1374 713 sed
1404 649 1675 714 cardine
1702 667 1896 714 verso

304 752 523 818 Sentit
549 754 782 818 adesse
816 754 1027 831 Deae,
1059 750 1660 835 imperfectumque
1688 751 1987 816 laborem

305 856 600 936 Deserit,
635 863 701 922 et
729 858 963 921 niveos
989 855 1224 925 infecit
1251 875 1554 939 purpura
1579 856 1806 920 vultus

303 958 443 1024 Per
463 960 751 1043 liquidas
779 976 1111 1026 succensa
1138 973 1381 1042 genas:
1427 964 1769 1041 castaeque
1796 955 2073 1041 pudoris

305 1060 601 1129 Illuxere
634 1061 840 1129 faces.
931 1060 1003 1126 N
1005 1080 1094 1127 on
1121 1061 1223 1127 sic
1252 1060 1458 1125 decus
1491 1061 1683 1125 ardet
1711 1062 2058 1138 ebnrnum,

308 1162 532 1247 Lydia
561 1163 842 1229 Sidonio
871 1165 1054 1248 quod
1083 1164 1363 1229 foemina
1390 1166 1664 1229 tinxerit
1692 1167 1899 1228 ostro.

310 1264 645 1330 Merserat
673 1265 856 1333 unda
882 1266 1093 1332 diem:
1140 1286 1382 1353 sparso
1407 1286 1549 1331 nox
1574 1266 1851 1332 humida
1877 1283 2114 1334 somno

2390 850 2524 918 2⁶79

306 1478 495 1529 subitis.
548 1477 794 1543 Ine-eperat
834 1480 981 1530 etiam
1000 1481 1109 1542 jam
1142 1496 1338 1532 curtare
1375 1497 1525 1546 mare,
1570 1483 1707 1548 aquis
1740 1484 2005 1547 pellucidi3‚
2055 1483 2108 1533 in
2147 1487 2357 1533 extrema
2387 1485 2528 1545 parte

307 1547 443 1595 teloe:
475 1546 559 1595 sed
578 1544 731 1605 janua
753 1550 939 1609 aperta,
971 1547 1308 1597 animadvertit
1340 1548 1473 1599 Deus
1494 1549 1674 1608 venire,
1713 1553 1761 1598 et
1796 1550 2023 1613 relinquit
2047 1564 2162 1613 opus
2183 1547 2529 1612 imperfectum,

308 1614 358 1660 et
397 1609 540 1659 rubor
584 1611 907 1674 inflammatus
952 1626 1040 1675 per
1089 1626 1240 1673 genas
1281 1628 1449 1677 puras,
1493 1612 1700 1677 suffudit
1749 1615 1929 1664 vultum
1973 1615 2241 1675 candidum,
2290 1618 2337 1662 et
2385 1613 2530 1662 ardor

308 1676 598 1733 verecundia·
632 1680 774 1725 castoe
811 1676 1001 1726 emicuit
1017 1694 1033 1726 .·
1086 1693 1183 1728 non
1229 1677 1298 1726 sic
1332 1679 1455 1728 nitet
1497 1684 1822 1729 ornamentum
1865 1679 2036 1742 eboris,
2071 1681 2190 1743 quod
2228 1678 2398 1727 mulier
2434 1678 2532 1740 Ly-

308 1742 392 1789 dia
443 1741 647 1790 tinxerit
689 1756 905 1805 purpura
952 1740 1170 1792 Sidonia.
1261 1743 1405 1793 Mure
1448 1745 1697 1808 sepelierat
1740 1746 1918 1795 lucem.-
1972 1760 2069 1794 nox
2112 1744 2304 1793 humida
2353 1740 2531 1807 diffuso

1243 1884 1479 1905 θθθθυθό
1485 1886 1604 1905 ’θθθ

311 1985 396 2034 vel
424 1983 602 2035 Rosida
624 1986 754 2051 Reg.
774 1984 883 2048 jam
903 1986 1075 2038 subitis
1099 1988 1226 2040 Exc.
1249 1989 1439 2041 Pet-v.
1468 1994 1801 2055 quarte-267
1836 1991 1979 2041 citrei
2000 1991 2130 2039 Exc.
2152 1990 2336 2040 Petav.
2362 1992 2533 2052 quart.

310 2066 495 2103 summa
515 2050 688 2102 Oxou.
712 2066 789 2116 pr.
821 2055 880 2101 de
898 2054 1115 2116 margine
1134 2056 1260 2105 Vat.
1285 2069 1364 2118 pr.
1398 2055 1502 2104 inc.
1529 2054 1715 2105 Heius.
1734 2054 1920 2106 Ambr.
1943 2063 2065 2107 tert.
2089 2054 2219 2106 Cod.
2242 2054 2535 2103 Bartholin.

312 2131 532 2179 suprema
554 2118 770 2179 margine
794 2118 966 2169 Oxou.
1007 2134 1113 2170 sec.
1138 2136 1206 2170 ιιι.
1231 2133 1335 2170 sec.
1383 2121 1492 2170 teloe
1514 2135 1614 2184 pro
1635 2122 1762 2170 texti
1794 2122 1983 2172 Petav.
2021 2124 2289 2170 sem—268
2338 2133 2536 2168 curvare

314 2182 439 2231 Vat.
466 2183 799 2246 quinte—269
847 2184 1011 2233 Sensit
1034 2185 1164 2235 Cod.
1187 2184 1479 2236 Bartholin.
1503 2185 1587 2237 ed.
1620 2186 1794 2237 Vicet.
1828 2187 1990 2237 Sentit
2010 2188 2132 2236 Vat.
2157 2185 2340 2249 quint:
2369 2184 2539 2233 Cernit

316 2246 551 2297 Floreat.
590 2262 717 2297 cum
736 2248 922 2312 viginti
944 2264 1036 2299 sex
1059 2250 1192 2314 aliis,
1225 2256 1284 2300 et
1306 2251 1436 2301 Exc.
1469 2251 1662 2301 Petav.
1701 2257 2035 2316 quart—270
2079 2251 2276 2301 Desinit
2309 2249 2432 2301 Jun.
2457 2263 2538 2312 pr.

314 2311 439 2377 ¹Vat.
467 2314 633 2376 quint.
664 2312 868 2374 confecit
894 2315 1287 2367 florente-271
1320 2316 1532 2379 castique
1551 2318 1676 2367 Vat.
1697 2332 1774 2380 pr.
1797 2324 1853 2367 et
1873 2318 2039 2382 quint.
2076 2316 2206 2366 Cod.
2243 2315 2538 2364 Bartholin.

314 2382 552 2441 caetoeque
579 2380 805 2431 Florent.
830 2380 932 2429 duo
956 2380 1102 2432 Med.
1124 2381 1309 2433 Heius.
1334 2382 1402 2431 Η.
1425 2389 1483 2430 et
1507 2382 1608 2432 inc.
1635 2382 1801 2446 ejusd.
1822 2384 1943 2432 Put.
1961 2385 2092 2445 Reg.
2114 2383 2312 2430 Bonon.
2329 2380 2539 2429 'rholoa

317 2443 518 2493 Moret.
542 2459 624 2508 pr.
644 2445 798 2497 Voss.
824 2460 927 2496 sec.
950 2446 1072 2501 Jun.
1097 2461 1172 2510 pr.
1196 2445 1302 2497 duo
1326 2445 1502 2496 Oxou.
1523 2455 1631 2496 tres
1655 2449 1982 2498 Petav.Var.
2002 2449 2104 2497 LL.
2124 2462 2153 2496 e
2177 2460 2344 2509 marg.
2361 2445 2541 2494 Parm.

305 2507 547 2572 justoeque
584 2511 713 2559 Exc.
749 2510 939 2560 Petav.
977 2515 1313 2576 quarn—273
1360 2510 1585 2561 Sidonica
1607 2513 1753 2562 Med.
1787 2527 1867 2576 pr.
1915 2513 2120 2562 tinxerit
2143 2513 2271 2560 Exc.
2296 2510 2447 2573 Laeti,
2484 2515 2544 2558 et

318 2573 444 2623 Var.
468 2575 575 2623 LL.
614 2590 644 2624 e
668 2590 831 2639 marg.
857 2578 1030 2629 Parni.
1063 2578 1277 2631 tinxerat
1301 2576 1402 2626 duo
1437 2578 1584 2629 Vatt.
1619 2578 1740 2627 Pal.
1779 2578 1911 2641 Reg.
1947 2579 2131 2627 Petav.
2157 2590 2261 2626 sec.
2294 2574 2420 2626 Jun.
2460 2588 2541 2637 pr.

318 2638 477 2688 VoSS.
502 2654 606 2689 sec.
639 2642 800 2690 texuit
822 2642 946 2693 Vat.
973 2657 1051 2706 pr.
1074 2642 1206 2693 eod.
1233 2641 1522 2691 Bartholin.
1546 2643 1673 2691 Vat.
1709 2643 1874 2693 Livio.
1905 2643 2033 2692 Exc.
2056 2641 2240 2690 Petav.
2265 2645 2437 2705 quart.
2459 2640 2542 2690 ed.

318 2703 501 2755 Parin.
524 2712 582 2755 et
604 2706 778 2756 Vicet.
810 2707 970 2757 texuit
991 2708 1070 2758 vel
1088 2709 1304 2758 tinterut
1319 2707 1516 2757 Moret.
1538 2721 1616 2770 pr.
1635 2707 1882 2758 Heinsius
1902 2706 2214 2773 ascripserat
2229 2706 2347 2754 Val.
2369 2706 2545 2755 Flacc.

1323 2819 1542 2875 nom

314 2956 323 2965 ,
392 2917 566 2981 Texti]
628 2918 693 2968 m
726 2925 834 2983 est,
883 2920 1045 2970 vestis
1082 2926 1266 2985 textae,
1304 2928 1399 2971 aut

318 2994 586 3046 texendae.

388 3077 490 3122 268
550 3070 810 3138 Oceanum]
860 3072 950 3124 Sic
1009 3073 1203 3124 dicitur
1261 3074 1403 3140 quia,

318 3148 481 3200 ’ὦκέως
506 3149 643 3213 ναίει,
666 3152 1028 3216 celeriterfluit.

392 3233 493 3279 270
528 3230 777 3294 Purpura]
809 3231 872 3281 Id
898 3237 1000 3293 est,
1029 3229 1189 3281 rubor
1210 3245 1402 3296 purpu-

329 3307 405 3356 rei
443 3307 654 3370 coloris,
696 3308 784 3371 qui
819 3309 962 3358 velut
1000 3308 1135 3371 ignis
1175 3308 1402 3373 liquidus

331 3390 473 3434 errat
496 3399 592 3448 per
626 3400 808 3450 genas,
827 3401 1018 3452 easque
1042 3386 1316 3437 succendit
1341 3401 1403 3436 ac

333 3460 522 3524 pingit.

396 3543 493 3588 271
536 3531 784 3603 Castaque
809 3541 1003 3605 pudoris
1018 3541 1221 3589 illuxere
1242 3526 1405 3609 strecs]

333 3615 396 3665 Id
421 3622 524 3677 est,
546 3617 716 3680 pudor
738 3619 995 3683 ruborque
1023 3618 1076 3667 in
1099 3617 1210 3681 ejus
1234 3618 1404 3679 vultu,

332 3693 501 3743 instar
525 3692 676 3755 facis,
717 3695 941 3745 enituit:
983 3694 1080 3743 nisi
1123 3693 1265 3744 forte
1309 3708 1407 3758 per

334 3768 481 3819 faces
505 3770 767 3834 intelligat
790 3774 989 3837 oculos,
1009 3772 1063 3821 in
1099 3771 1287 3838 quibus
1312 3785 1406 3835 pn-

336 3846 433 3897 dor
451 3854 509 3897 et
526 3847 787 3898 modestia
809 3849 1077 3900 enituerit.
1232 3832 1247 3851 ”

323 3985 327 3989 .
401 3928 500 3973 272
533 3926 697 3974 Decus
715 3928 851 3975 ardet
884 3926 1130 3990 eburnam]
1172 3925 1297 3976 Non
1332 3924 1409 3975 sic

339 4002 466 4053 ebur
488 4004 682 4066 radiat,
713 4019 832 4054 cum
858 4004 1110 4056 infectum
1149 4020 1243 4055 seu
1279 4004 1411 4055 tinc-

342 4090 450 4135 mm
474 4091 556 4133 est
590 4083 770 4132 colore
804 4098 1086 4148 purpureo.
1154 4083 1409 4134 Ovidius:

341 4158 357 4186 ‘
385 4156 490 4208 Aut
507 4160 648 4224 quod
666 4174 733 4217 ne
757 4161 922 4224 longis
938 4159 1223 4210 flavescere
1246 4159 1413 4224 possit

345 4235 411 4285 ab
448 4237 596 4286 annis
630 4237 852 4288 Maeonis
889 4238 1163 4303 Assyrium
1199 4234 1413 4288 foemiua

346 4312 502 4379 tingit
521 4313 691 4365 ebur?

1546 2926 1644 2973 2⁷3
1677 2922 2071 2989 Lydiafoemina]
2106 2920 2271 2987 Lydia
2293 2925 2376 2970 est
2399 2918 2548 2984 regio

1482 2998 1696 3049 minoris
1721 2999 1884 3063 Asiae,
1922 3000 1976 3049 in
2012 3014 2114 3065 qua
2148 2997 2392 3048 mulieres
2415 2996 2548 3053 ebur

1482 3078 1685 3141 tingere
1707 3078 2061 3127 instituerunt.
2179 3060 2198 3077 ⁹

1551 3151 1753 3204 Sidonio
1789 3152 1939 3216 ostro]
2010 3153 2254 3216 Purpura
2317 3149 2551 3200 Sidonia.

1470 3230 1646 3280 ‹Sidon
1665 3236 1840 3280 autem
1857 3236 1940 3280 est
1955 3230 2077 3280 urbs
2096 3227 2403 3291 Phoeniciae,
2417 3240 2549 3290 opus

1485 3305 1837 3371 Assyriorum,
1874 3321 2024 3372 quam
2069 3320 2100 3355 a
2139 3305 2355 3369 piscium
2397 3303 2553 3366 copia.

1482 3384 1679 3433 Sidona
1716 3384 2140 3447 appellaverunt3
2173 3380 2315 3447 (nam
2355 3378 2553 3443 piscem

1486 3460 1783 3525 Phoenices,
1799 3460 1967 3523 Sidon,
1987 3454 2201 3522 vocant)
2231 3457 2284 3506 in
2307 3470 2412 3521 qua
2434 3469 2555 3520 pur·

1488 3552 1683 3607 puteus
1704 3537 1848 3587 color
1871 3534 2324 3602 exquisitissimus.

1553 3618 1651 3665 274
1689 3611 1954 3676 Mersa-at]
1982 3614 2063 3662 Ex
2081 3626 2259 3679 eorum
2273 3608 2557 3671 sententia,

1489 3693 1581 3758 qui
1622 3692 1797 3741 Solem
1838 3695 2028 3754 putant
2071 3689 2126 3738 in
2164 3687 2375 3738 Iberum
2410 3698 2557 3735 mare

1487 3784 1605 3819 cum
1645 3769 1845 3832 ingenti
1885 3768 2137 3817 undarum
2173 3765 2381 3831 fragore
2417 3762 2559 3814 deci·

1488 3845 1633 3895 dere.
1698 3846 1884 3895 Florus
1901 3845 1967 3895 de
1985 3846 2203 3895 Decimo
2216 3846 2405 3907 Bruto,
2423 3844 2438 3869 ‘
2452 3840 2560 3905 fors

1489 3923 1844 3987 midatumque
1888 3922 2137 3973 militibus
2181 3920 2371 3972 flumen
2411 3917 2559 3968 Obn-

1490 4000 1659 4049 vionis
1690 3997 1952 4066 (Lethes),
1975 4006 2354 4065 peragratoque
2390 3997 2560 4046 victor

1493 4078 1696 4128 Oceani
1716 4078 1917 4140 littore,
1956 4091 2058 4126 non
2097 4077 2236 4141 prius
2272 4075 2418 4140 signa
2440 4086 2562 4123 con·

1492 4156 1674 4219 vertit,
1712 4170 1866 4221 quam
1889 4155 2165 4204 cadentem
2199 4153 2253 4203 in
2288 4150 2452 4201 maria
2470 4149 2566 4201 So·

1493 4235 1615 4299 iem,
1642 4233 1990 4298 obrutumque
2028 4231 2172 4296 aquis
2213 4231 2406 4295 ignem,
2457 4241 2566 4285 non

1496 4311 1610 4363 sine
1632 4310 1855 4378 quodam
1894 4308 2159 4373 sacrilegii
2190 4313 2336 4359 metu
2371 4311 2429 4357 et
2447 4305 2565 4356 hor·
