3034 4934
945 377 1045 428 nu
1092 375 1206 427 ιιι.
1253 375 1468 446 cous-
1510 369 1795 442 nomon,

263 534 402 586 mum
419 519 644 582 Groeciae
665 518 896 580 Heroiim
909 519 1202 588 exemplum
1219 518 1328 586 Ηιι-ι

262 596 398 650 norit
421 596 578 647 rebus
602 597 873 663 aliquoties
895 596 1176 661 componit.
1217 623 1224 630 ‚

299 727 308 734 ,
331 675 478 728 Ocius
487 674 669 738 sumit]
704 674 935 725 Acumen
953 682 1007 725 et
1020 673 1326 726 felicitatem

261 750 458 815 ingenii
482 752 752 802 mirificam
784 752 1115 806 commendat
1137 751 1191 801 iu
1215 753 1327 815 Ηοο,

261 828 426 882 norio.
461 829 640 890 Barth.

327 909 392 954 61
426 903 674 969 Semiferi]
707 906 971 956 Centauri.

334 982 557 1045 Cuspidis
577 982 727 1045 artes]
793 979 967 1033 Hastae
1001 983 1326 1034 vibrationem.

266 1055 486 1126 Hastam
505 1073 599 1121 pro
616 1060 768 1110 armis
788 1060 1019 1109 omnibus
1034 1061 1188 1123 dixit,
1206 1076 1330 1125 quo·

261 1148 378 1183 rurn
395 1133 655 1182 exercitiis
670 1134 857 1188 Chiron
871 1135 1140 1186 imbuebat
1153 1134 1330 1202 Achil-

262 1211 387 1261 lem.
403 1211 601 1261 Barth·
1311 1241 1324 1270 ι

330 1290 396 1336 62
429 1287 575 1351 Lyroe
588 1287 790 1351 cautus]
799 1287 898 1340 His
917 1289 1102 1340 Poe'tae
1113 1271 1331 1340 circum-

261 1363 552 1432 loquuntnr
589 1379 790 1413 omnem
825 1366 1100 1429 Musicani,
1135 1381 1331 1417 omnes·

264 1454 368 1506 que
393 1439 664 1505 aliquando
689 1447 827 1489 artes
844 1441 1125 1492 Liberales.

333 1517 550 1566 Medicas
581 1531 662 1565 scu
695 1517 895 1566 disceret
919 1517 1124 1586 herbas]
1140 1518 1331 1586 Chiron

263 1600 441 1644 autem
480 1593 769 1644 Centaurus
805 1594 1087 1646 Medicinae
1127 1599 1330 1650 consul·

264 1671 513 1734 tissimus,
548 1672 726 1721 Barth.

334 1747 553 1809 Medicas
572 1763 653 1797 sea
675 1748 877 1802 disceret
898 1749 1087 1824 herbas]
1135 1729 1200 1801 Iu
1225 1752 1328 1804 Ms-

265 1823 569 1895 Dempsteri
594 1825 748 1886 paulo
784 1825 938 1874 aliter
970 1816 1075 1890 leg.
1113 1811 1332 1877 Medicas

266 1914 351 1950 seu
373 1900 574 1949 disceret
600 1905 747 1949 artes.

334 1979 398 2026 63
433 1977 625 2026 Interea
662 1978 853 2027 turbata
877 1977 1028 2045 fides]
1078 1979 1219 2030 Mira
1255 1981 1332 2031 in·

263 2054 579 2118 geniositate
597 2055 872 2104 tumultum
895 2054 1142 2120 subitum,
1160 2057 1333 2107 subito

269 2129 513 2182 aliorsum
548 2137 607 2180 et
646 2129 709 2180 ad
733 2146 858 2202 eum·
888 2146 1140 2183 conversa
1161 2140 1337 2198 rapta·

268 2221 374 2271 que
398 2208 564 2258 oratio
597 2207 861 2270 exprimit.
928 2210 1122 2260 Datam
1155 2217 1333 2264 autem

267 2275 340 2334 eo⁸
357 2285 579 2334 tumultu
604 2286 838 2350 Principi
860 2286 935 2337 ait
956 2287 1224 2338 materiam
1246 2303 1335 2338 ex·

265 2361 505 2411 serendas
530 2362 727 2413 virtuti.
760 2364 936 2416 Barth.

338 2440 404 2486 64
451 2438 602 2502 Bella.
628 2441 817 2505 tonant]
878 2440 984 2508 Pro
1024 2447 1335 2507 tempestate

269 2512 909 2592 ingent1,cu1a²quantur
930 2531 1005 2566 lv·
1025 2518 1232 2573 Consul.
1256 2520 1337 2569 ‘si

270 2581 415 2642 bella'
439 2599 643 2656 tonant,
678 2596 821 2658 prius
846 2596 1048 2659 agmina
1070 2596 1211 2646 duris
1234 2599 1335 2647 Ex·

271 2681 394 2719 erce
420 2670 623 2733 studiis,
640 2678 697 2720 et
716 2687 853 2722 saevo
868 2679 1124 2736 praestrue
1146 2673 1340 2723 Marti!

338 2750 402 2796 65
427 2813 434 2818 .
456 2749 652 2797 Crimen
673 2747 933 2812 Superum]
984 2747 1232 2812 Indignas.
1261 2750 1339 2799 rei

271 2822 543 2892 familiaris
565 2824 795 2890 Paganis
828 2826 1172 2889 scriptoribus
1195 2840 1339 2884 exse-‚-

269 2901 459 2963 cratio,
481 2902 712 2952 Deorum
731 2902 1000 2966 pudorem,
1014 2903 1229 2966 crimen,
1253 2918 1341 2968 op·

269 2980 557 3045 probrium,
570 2995 699 3030 esse.
717 2982 913 3031 Lucan.
930 2982 1022 3031 lib.
1041 2994 1162 3032 vm.
1177 2983 1196 3026 Ξ
1215 2996 1341 3031 nun·

274 3070 426 3123 quam
448 3072 691 3122 superum
713 3058 939 3107 caritura
961 3056 1160 3121 pudore
1174 3058 1339 3107 Fabu-

274 3134 360 3185 la!
407 3135 681 3198 Phaedrus,
720 3136 846 3186 Fab.
871 3149 1074 3186 xxxlx.
1121 3136 1136 3164 ‘
1161 3136 1341 3204 Donec

274 3212 557 3278 Fortunam
574 3212 799 3267 criminis
813 3212 1009 3277 pudeat
1023 3213 1119 3263 sui.
1123 3212 1138 3236 ’
1160 3213 1340 3266 Barth.

339 3288 498 3351 Longi
526 3291 668 3354 χιι-σὴ
672 3291 869 3352 dedecus
890 3290 1003 3355 oevi]
1049 3290 1166 3340 AEvi
1185 3289 1342 3340 dede·

273 3377 386 3427 cus,
415 3368 705 3415 extremum
726 3366 1059 3430 vituperium,
1091 3374 1153 3417 ιιι
1173 3373 1230 3417 et
1251 3369 1343 3426 Se·

275 3443 381 3510 culi
403 3433 593 3508 pudor,
613 3443 813 3508 aliaque
835 3443 888 3492 id
911 3457 1072 3554 genus
1096 3458 1197 3493 non
1222 3458 1345 3508 pau·

276 3532 353 3576 oe.
389 3518 541 3569 Idem.

341 3598 409 3645 66
439 3594 688 3645 Barbarus
701 3553 969 3666 Hesperias
988 3595 1144 3659 exsul]
1179 3594 1345 3651 Arbo-

275 3680 464 3740 gasten
506 3670 656 3732 dicit,
698 3671 786 3735 qui
827 3671 1112 3734 Eugenium
1150 3671 1345 3735 Magis·

276 3757 440 3816 trum,
478 3748 736 3796 hominem
772 3747 838 3796 de
872 3747 1075 3809 Schola,
1114 3745 1212 3796 Rei
1244 3747 1345 3796 Ro-

275 3841 445 3879 manae
483 3827 746 3891 imponere
790 3828 977 3888 voluit,
1023 3826 1177 3890 paulo
1216 3816 1345 3875 'ante

269 3903 509 3958 Tertium
547 3904 682 3954 hunc
726 3903 950 3953 Honorii
991 3903 1345 3954 Consulatum.

275 3978 413 4032 vide
438 3978 635 4043 reliqua
658 3978 796 4043 apud
817 3972 1107 4029 Barthium.

345 4055 616 4119 Barbarus]
681 4055 754 4104 Et
797 4061 956 4119 gente
997 4063 1054 4105 et
1097 4054 1344 4106 moribus.

277 4133 650 4202 Marcellinus:
702 4133 718 4160 ‘
743 4131 1081 4196 Arbogastes,
1118 4132 1197 4182 vir
1237 4132 1346 4183 bar·

278 4210 456 4274 barus,
473 4210 709 4272 consilio,
725 4225 897 4273 mauu,
918 4210 1173 4274 potentia,
1188 4209 1346 4260 auda-

281 4285 468 4354 ciaque
492 4285 711 4338 nimius.'
744 4286 925 4336 Barth.

412 4368 588 4436 Delph.
604 4372 651 4420 et
681 4365 795 4421 Var.
813 4369 943 4422 Clas.

1310 4368 1484 4419 Claud.

2289 359 2469 438 1813

1462 523 1529 574 61
1562 517 1781 582 Βόισιο]
1812 515 2037 582 Humili,
2071 517 2261 568 nullius
2292 518 2464 585 digui-

1401 597 1528 645 tatis
1580 595 1772 645 homini
1812 594 2165 645 Grammatico
2220 597 2461 664 primum,

1400 680 1522 738 post
1542 673 1726 734 militi;
1759 673 1886 723 licet
1918 671 2243 740 apt-udentia
2263 680 2319 722 et
2337 673 2465 725 doc.-

1402 750 1540 817 trina
1589 766 1708 802 eum
1764 765 2090 815 summopere
2134 752 2466 817 commendet

1402 827 1658 889 Zosimus,
1716 827 1912 878 fatetur
1955 835 2130 878 tamen
2173 829 2465 892 Eugenium

1315 937 1327 956 ι
1402 904 1539 954 hunc
1568 906 1804 958 Scholam
1843 904 2100 967 habuisse,
2140 913 2196 956 et
2234 905 2354 957 inde
2394 908 2464 958 ad

1402 981 1687 1046 Imperium
1723 982 2053 1041 translatum,
2075 982 2210 1047 quod
2230 984 2330 1033 sub
2355 985 2466 1048 ejus

1404 1060 1611 1110 nomine
1634 1059 1959 1124 Arbogastes
1996 1065 2113 1108 erat
2141 1059 2467 1116 administra-

1405 1142 1572 1196 turus,
1607 1137 1773 1185 donec
1795 1144 1851 1187 et
1889 1136 2122 1185 umbram
2155 1135 2307 1187 istam
2327 1152 2466 1187 com-

1403 1211 1558 1262 mode
1580 1212 1939 1263 submovisset.
1972 1213 2124 1262 Idem.
2456 1244 2467 1258 .

1468 1293 1533 1338 68
1569 1287 1822 1353 Princeps]
1854 1288 2187 1349 Theodosius,
2222 1288 2297 1340 ad.
2314 1253 2466 1354 quem

1406 1365 1620 1416 miserat
1639 1379 1796 1429 super
1830 1363 2137 1429 Arbogustis
2167 1357 2487 1417 temeritate-

1404 1442 1818 1503 Valentinianus,
1854 1442 2152 1504 adolescens
2183 1443 2249 1491 ad
2272 1458 2472 1496 summa

1406 1518 1597 1582 factus,
1632 1519 1733 1568 nisi
1756 1516 1975 1582 perfidia
2009 1533 2217 1569 suorum
2253 1520 2473 1582 occidis-

1409 1603 1509 1647 set.
1543 1596 1693 1647 Idem.

1476 1673 1743 1737 Genusque
1760 1672 1991 1742 remotas]
2020 1672 2240 1730 Omnem
2276 1675 2477 1726 exerci-

1408 1755 1518 1804 tum
1543 1752 1681 1820 omni
1702 1766 1830 1800 cura
1859 1751 2152 1818 collegisse,
2185 1760 2242 1801 ut
2273 1767 2471 1803 summo

1408 1816 1699 1898 discrimine
1733 1828 2090 1891 impendente,
2125 1828 2289 1892 tradit
2326 1830 2473 1880 Zosi-

1407 1919 1540 1956 mus.
1576 1906 1725 1956 Idem.
2458 1923 2471 1960 ·.

1471 1987 1538 2032 69
1576 1983 1801 2033 Maus
1822 1980 2117 2047 Euphrates]
2157 1983 2385 2048 Ingens:
2431 1985 2476 2036 is
2533 2011 2543 2020 ·

1408 2060 1547 2109 enim
1569 2059 1731 2109 amnis
1772 2060 1909 2110 inter
1941 2060 2187 2110 maximos
2220 2067 2476 2120 terrarum
2503 2073 2511 2082 ’

1409 2137 1585 2188 Orbis.
1618 2137 1765 2188 Idem.

1476 2220 1542 2265 70
1596 2214 1778 2279 Halys]
1841 2214 1979 2265 Vide
2035 2214 2364 2272 Herodotum
2420 2223 2480 2269 et

1409 2292 1739 2358 Scholiasten
1757 2290 2045 2357 Apollonii,
2060 2292 2152 2341 lib.
2170 2306 2371 2343 11.-

1413 2419 1422 2424 ,
1476 2369 1623 2419 Dicat
1642 2368 1867 2433 Orontes]
1900 2368 2370 2419 Amoenissimarum
2387 2333 2482 2435 85ss

1412 2446 1505 2498 riae
1547 2446 1812 2510 regionum
1847 2446 2017 2495 cultor
2055 2459 2115 2495 ac
2152 2452 2479 2509 peragrator.

1413 2522 1593 2571 Barth.

1419 2641 1426 2648 .
1477 2601 1540 2648 ⁷1
1568 2595 1839 2658 Thuriferos
1854 2594 2039 2650 Arabes
2051 2595 2224 2660 saltus]
2248 2555 2478 2650 Arabum

1413 2663 1647 2724 divitiae
1634 2689 1687 2722 ιιι
1721 2673 1881 2726 silvis.
1936 2672 2120 2724 Manil.
2144 2673 2235 2722 lib.
2259 2686 2336 2721 lv.
2368 2673 2383 2700 ‘
2408 2673 2481 2722 Et

1413 2750 1594 2799 molles
1617 2748 1840 2812 Arabas,
1864 2748 2106 2799 silvarum
2129 2748 2262 2798 ditia
2282 2747 2475 2813 regna!

1415 2827 1569 2878 Idem.

1479 2906 1545 2953 72
1577 2902 1798 2952 Armenii
1821 2899 2028 2964 Phasin]
2077 2901 2251 2952 Phasis
2274 2902 2483 2952 nobilis-

1415 2978 1572 3028 simus
1610 2978 1916 3029 Colchorum
1972 2975 2176 3039 fluvius,
2231 2976 2482 3029 Armenia

1415 3054 1679 3106 oriundus.

1483 3131 1752 3195 Niphaten]
1801 3128 2030 3182 Parthiae
2071 3130 2179 3180 sive
2219 3130 2484 3184 Armenian

1415 3205 1646 3272 fluvium,
1704 3214 1879 3258 monte
1921 3205 2153 3273 Niphate
2193 3197 2487 3263 oriundum.

1415 3284 1597 3335 Barth.
1662 3305 1671 3314 ·

1481 3365 1546 3412 ⁷3
1582 3363 1701 3418 Quoe
1721 3362 1812 3410 tibi
1833 3367 1947 3412 tuuc
1968 3311 2149 3411 Martis
2166 3360 2349 3424 rabies]
2374 3361 2484 3411 No-

1417 3452 1541 3486 num
1565 3437 1735 3487 aetatis
1759 3451 1947 3485 anuum
1980 3438 2149 3499 egisse
2174 3436 2484 3500 Honorium,

1416 3512 1736 3576 'l'beudosio¹
1723 3527 1775 3560 ιιι
1796 3513 2085 3577 Eugenium
2106 3522 2368 3575 movente,
2383 3515 2488 3565 col·

1415 3589 1623 3653 ligimus
1665 3603 1734 3639 ex
1774 3590 1951 3639 Fastis.
1984 3589 2160 3640 Idatii.
2225 3591 2359 3640 Sunt
2396 3590 2486 3655 qui

1421 3666 1755 3732 Expeditioni
1796 3655 1963 3717 tantae'
1984 3668 2177 3718 socium
2201 3668 2487 3719 adscivisse

1421 3758 1639 3809 puerum
1677 3744 1936 3794 tantillum
1975 3744 2316 3795 'Theodosium
2359 3745 2489 3796 scri·

1419 3820 1565 3870 bant.

1463 3887 1720 3964 ·Seqaeudi
1744 3898 1905 3949 Ardor
1927 3896 2055 3961 erat]
2104 3897 2377 3961 Flagrasse
2402 3913 2487 3947 cu-

1317 3997 1330 4004 ’
1421 3976 1649 4041 piditate
1683 3975 2032 4040 belligerandi
2065 3990 2181 4025 cum
2219 3981 2370 4039 patre
2397 3976 2488 4027 ait.

1419 4053 1879 4195 Bughhmamt
1896 4129 2115 4196 pectora]
2164 4126 2489 4178 Ardentissl·

1421 4222 1560 4257 mum
1584 4206 1898 4258 desiderium
1920 4207 2035 4273 ipsa
2054 4203 2259 4257 flamma
2271 4204 2489 4256 circum·

1420 4285 1673 4352 loquitur.
1708 4284 1855 4335 laem.
1876 4353 1881 4358 Ι
2306 4361 2356 4412 O
