3034 4934
554 391 731 458 1212

558 551 735 601 Persae
758 551 952 614 ignem.
984 550 1160 600 Barth.

625 627 984 690 Flammiger-is]
1015 628 1148 676 Sunt
1175 627 1261 692 qui
1286 628 1390 691 leg.
1408 626 1623 690 flami·

546 704 709 766 feris.-
750 703 1045 754 flammiferi
1089 705 1317 755 hinnitus
1372 719 1619 769 equorum

560 780 692 830 Solis
728 787 880 830 sunt:
929 788 987 830 ut
1020 790 1075 831 et
1115 782 1271 832 ovid.
1314 781 1531 832 Metam.
1560 794 1621 831 ιι.

559 856 887 909 ‘hinnitibus
935 873 1085 909 auras
1141 856 1485 911 Flammiferis
1531 859 1622 907 im·

561 933 747 1000 pient!

625 1012 862 1061 Mundum
902 1011 1191 1077 complexus]
1256 1010 1321 1061 Τὸ
1357 1014 1467 1076 πᾶν,
1516 1013 1624 1062 nni·

561 1102 758 1140 versam
783 1105 952 1139 rerum
976 1091 1283 1141 machinam.
1342 1094 1624 1156 Complexus

563 1167 677 1221 scil.
699 1168 837 1230 luce,
877 1169 1054 1230 radiis,
1082 1166 1321 1232 fulgore:
1374 1170 1448 1218 sic
1483 1168 1620 1219 enim

563 1245 748 1295 Poetae
790 1260 920 1295 voce
957 1247 1341 1310 complectendi
1389 1253 1619 1296 utuntur.

570 1320 754 1386 Papiu.
788 1324 936 1388 Equo
959 1325 1103 1374 Max.
1151 1328 1166 1353 ⁴
1189 1325 1318 1377 Quae
1349 1340 1506 1388 super
1528 1325 1621 1372 im-

564 1399 737 1463 posito
775 1402 939 1457 moies
973 1402 1229 1465 geminata
1267 1403 1465 1452 colosso
1500 1402 1623 1453 stat

567 1477 775 1527 Latium
800 1480 1071 1542 complexa
1092 1479 1294 1530 forum!
1361 1481 1522 1543 Cujus
1537 1495 1626 1530 no-

562 1551 862 1604 bilissimum
879 1554 1039 1606 decus
1055 1565 1182 1617 erat,
1200 1556 1439 1622 quodque
1453 1555 1623 1607 forum

564 1630 876 1681 illustrabat.
942 1634 1040 1683 Vel
1063 1634 1127 1683 ad
1153 1650 1358 1684 cursum
1378 1642 1471 1685 ant
1490 1636 1628 1687 vola-

568 1711 698 1768 tum,
720 1708 933 1772 ejusque
958 1710 1287 1775 velocitatem
1311 1718 1542 1774 spectat.

632 1786 665 1832 2
708 1783 868 1833 Volcis
881 1784 1178 1848 inexhausto,
1190 1785 1295 1849 θα]
1315 1789 1490 1851 Longe
1510 1787 1632 1838 doc·

570 1858 768 1908 tissima
790 1861 1039 1924 temporis
1071 1863 1400 1927 periphrasi8‚
1439 1864 1576 1929 quod
1601 1881 1640 1914 a
1669 1856 1676 1863 ”

567 1935 689 1986 Sole
713 1951 805 1999 per
826 1952 1021 1987 annuos
1057 1954 1292 1990 recursus
1327 1943 1553 1992 vertitur
1574 1949 1632 1993 et

546 2014 925 2087 constituitur,
944 2014 999 2064 in
1018 2015 1195 2066 orbern
1222 2018 1523 2068 immensum
1554 2033 1633 2068 re-

571 2088 725 2162 diens
741 2091 809 2140 ab
845 2106 1075 2156 emenso,
1107 2108 1268 2159 seque
1291 2104 1533 2159 repetens
1556 2101 1636 2145 at·

572 2180 675 2231 que
710 2166 1010 2219 conficiens.
1091 2171 1225 2222 Inde
1278 2189 1439 2223 annus
1488 2177 1632 2240 quasi

572 2245 809 2306 annulus,
832 2246 968 2311 quod
990 2246 1047 2297 iu
1067 2263 1122 2298 se
1145 2250 1344 2301 redeat.
1411 2252 1498 2301 Sic
1518 2253 1636 2302 Vir-

575 2320 664 2383 gil.
688 2322 786 2372 Ge.
808 2336 870 2371 11.
888 2327 1001 2374 401.
1023 2324 1039 2351 ⁴
1061 2326 1199 2376 redit
1221 2328 1460 2391 agricolis
1487 2329 1637 2381 labor

575 2404 719 2446 actus
740 2398 794 2447 in
816 2400 1013 2463 orbem,
1046 2400 1222 2468 Atque
1265 2404 1318 2452 in
1340 2419 1395 2454 se
1426 2421 1519 2456 sua
1542 2420 1637 2470 per

574 2475 796 2540 vestigia
818 2478 1045 2528 volvitur
1068 2481 1262 2532 annus?
1296 2483 1471 2533 Bur-ih.

639 2556 670 2602 8
706 2553 910 2603 Meliore
922 2556 1075 2620 coma]
1096 2557 1270 2607 Radiis
1286 2559 1635 2610 nitidioribus.

640 2633 673 2680 4
709 2629 950 2682 Beanaius
992 2636 1114 2684 elato
1154 2636 1375 2701 surgunt]
1448 2639 1637 2689 Placet

576 2705 823 2772 Isiugrini
865 2710 1043 2775 lectio,
1079 2713 1302 2763 rubeant.-
1353 2715 1428 2763 sic
1466 2722 1519 2765 et
1560 2731 1638 2765 se-

578 2786 759 2852 quenti
799 2802 949 2837 versu
998 2789 1014 2816 ⁴
1048 2804 1251 2841 roseum
1288 2790 1528 2843 efflantes
1567 2794 1640 2858 ig-

576 2861 714 2911 nem’
760 2862 931 2913 dixit:
979 2867 1232 2930 quomodo
1282 2870 1469 2920 ‘rosea
1506 2873 1639 2923 lora'

577 2937 769 2989 Phoebi-
785 2941 931 3006 equis
968 2957 1000 2993 a
1035 2942 1202 2995 Statio
1238 2945 1448 3012 dantur,
1478 2948 1641 3001 Theb.

577 3029 666 3066 ιιι.
701 3017 717 3044 4
738 3017 913 3067 laxant
929 3021 1091 3069 roseis
1105 3022 1366 3074 humentia
1380 3023 1500 3074 loris
1514 3026 1643 3076 Pec-

578 3091 748 3143 torat’
797 3093 872 3143 ita
904 3095 1039 3144 bene
1064 3099 1245 3163 scripti
1265 3115 1283 3161 ς
1331 3115 1435 3150 non
1457 3101 1641 3152 calidis.

580 3166 667 3220 De
704 3166 909 3219 Aurora
945 3171 1099 3221 Silius
1138 3175 1224 3224 lib.
1247 3189 1285 3226 1.
1321 3178 1339 3203 ⁴
1363 3191 1644 3244 roseasque

509 3257 513 3261 ·
579 3244 824 3295 movebat
860 3246 1119 3299 habenas!
1169 3249 1426 3316 Apposite
1467 3264 1645 3305 noster

582 3318 1035 3387 Gigantomachia,
1073 3327 1089 3353 ⁴
1109 3324 1378 3394 flectitque
1401 3331 1644 3383 rubentes

581 3397 809 3449 Phoebus
827 3399 1022 3465 equos!
1054 3403 1294 3453 Blandum
1308 3406 1473 3457 rubere
1493 3408 1645 3473 dixit,

568 3481 643 3530 ‚nt
678 3476 697 3504 ⁴
720 3476 872 3526 dulce
908 3477 1113 3528 rubere’
1151 3480 1346 3530 Statius
1379 3482 1539 3534 Theb.
1569 3498 1644 3536 ιν.

583 3554 600 3583 4
622 3552 794 3604 Dulce
813 3554 1001 3603 rubens
1025 3556 1280 3622 viridique
1315 3573 1471 3622 genas
1500 3576 1645 3625 spec-

582 3630 761 3679 tabilis
782 3631 949 3680 aevoz’
983 3640 1038 3682 et
1072 3635 1088 3661 ⁴
1112 3632 1266 3683 dulce
1291 3636 1495 3685 rubenti
1530 3637 1648 3688 Mu·

584 3704 711 3755 rice’
744 3705 983 3769 epicedio
1019 3708 1281 3759 Glauciae:
1337 3718 1391 3761 et
1422 3713 1439 3739 ⁴
1468 3713 1647 3767 laetum

582 3779 791 3829 rubere'
837 3779 1156 3833 Achilleide:
1204 3785 1223 3811 ⁴
1258 3785 1524 3837 Mulcetur
1558 3789 1647 3839 lae-

583 3858 796 3920 tumque
822 3855 1006 3908 rubet!
1070 3859 1157 3910 Sic
1190 3871 1334 3912 recte
1367 3863 1649 3916 Vossianus

583 3930 717 3983 liber
741 3933 929 3996 aliique
952 3937 1182 3985 nonnulli
1218 3954 1248 3987 a
1282 3952 1364 3987 me
1386 3943 1645 4005 inspecti:

587 4015 647 4060 et
682 4009 868 4058 crudele
901 4010 1067 4059 rubere
1097 4012 1255 4063 Theb.
1296 4029 1387 4064 ιιι.
1427 4019 1447 4044 ⁴
1468 4016 1650 4084 quanti

588 4084 802 4137 crudele
826 4084 1079 4135 rubebitis
1113 4102 1286 4138 amnes
1305 4090 1337 4140 :'
1387 4092 1472 4141 ubi
1505 4109 1650 4157 quan.

587 4167 691 4212 tmn
720 4174 996 4225 perperam
1027 4163 1253 4228 vulgati:
1286 4180 1458 4217 soevum
1486 4168 1653 4221 rubere

589 4236 773 4289 eodem
786 4238 943 4288 libro:
965 4241 980 4266 ⁴
996 4239 1195 4291 incurvi
1213 4256 1405 4294 saevum
1425 4246 1650 4299 rubuere

588 4314 787 4391 ligones
801 4320 834 4368 :’
862 4316 1018 4369 altam
1037 4318 1204 4371 rubere
1222 4320 1386 4374 Theb.
1404 4334 1508 4375 vu.
1534 4326 1653 4380 762«

961 404 1180 456 NOTAE
1228 406 1634 457 VAmoRUu
1684 405 1765 454 IN
1817 406 1931 454 01..
1979 404 2260 456 GLAUD.
2308 406 2356 453 1.

1697 552 1752 596 et
1774 547 1941 599 Theb.
1964 561 2045 599 rx.
2079 553 2193 600 439.
2216 548 2352 610 sorte
2382 548 2554 600 rubere
2590 547 2767 599 Achil-

1693 624 1857 675 leidos
1880 639 1942 675 ιι.
1975 627 1991 654 4
2017 625 2093 676 At
2122 623 2263 676 ferus
2287 626 2527 676 AEacides
2563 625 2765 675 radian-

1698 712 1804 755 tem
1820 712 1879 754 ut
1899 706 2127 756 cominus
2143 706 2339 767 orbem,
2356 706 2616 755 Caelatnm
2637 721 2766 769 pug-

1696 796 1807 846 nas,
1838 783 1989 831 saevis
2024 793 2081 834 et
2114 781 2251 834 forte
2284 784 2559 845 rubentem
2591 783 2768 832 Bello·

1696 874 1810 911 rum
1845 861 2078 923 maculis,
2111 861 2370 911 acclinem
2406 866 2476 917 etr
2500 858 2765 923 conspicit

1697 934 1933 985 hastam)
1997 937 2101 987 Ubi
2139 936 2342 998 rbforte
2364 939 2647 1002 perperam
2672 949 2782 999 pro·

1695 1015 1942 1065 adverbio
1966 1015 2433 1064 sumiturzcoelutum
2450 1025 2645 1076 pugnas
2665 1010 2771 1059 ele-

1697 1096 1841 1158 ganti
1868 1093 2155 1142 Graecismo
2177 1097 2409 1140 vetustus
2428 1088 2604 1139 codex
2621 1087 2768 1138 exhi-

1696 1174 1813 1223 bet:
1852 1172 2045 1235 vulgati
2067 1169 2261 1233 pugnis.
2296 1169 2368 1217 D.
2389 1166 2576 1216 Heins.

1761 1250 2015 1310 Blendium,
2052 1247 2162 1310 ⁸5²³]
2205 1247 2481 1294 Temonem
2524 1240 2770 1291 blandius

1697 1329 1939 1380 attollere
1959 1327 2203 1375 dicuntur
2226 1322 2406 1385 repexi
2419 1320 2635 1385 jugales
2656 1334 2671 1378 ;
2704 1331 2773 1365 ue

1695 1405 1810 1456 scil.
1836 1418 1954 1455 cum
1992 1401 2167 1453 surore
2199 1401 2405 1459 ineunt,⁴
2431 1404 2524 1446 aut
2567 1392 2772 1458 asperis

1699 1483 1898 1539 animis,
1917 1480 2020 1529 diei
2043 1479 2178 1528 illius
2201 1489 2424 1526 cursum.
2460 1472 2643 1522 Barth.

1765 1567 1795 1611 5
1845 1559 2049 1607 Roseum
2091 1553 2273 1617 mem]
2320 1549 2770 1602 Rubicundiorem

1699 1638 1906 1696 diurno,
1938 1634 2103 1700 qualis
2134 1632 2265 1681 solet
2298 1642 2412 1678 esse
2433 1626 2657 1677 Aurorae
2694 1637 2775 1672 as-

1700 1722 1902 1779 pectus.
1987 1708 2276 1761 suavitatis
2321 1719 2449 1769 ergo
2491 1703 2638 1753 colos
2679 1709 2782 1762 est,

1701 1792 1816 1855 ipso
1839 1788 2043 1839 nomine
2064 1799 2279 1835 vernum
2310 1790 2367 1832 et
2386 1782 2550 1830 hilare
2573 1776 2774 1842 aliquid

1701 1865 1951 1927 infereus,
1980 1863 2198 1914 Veneris
2220 1859 2633 1921 Gratim-umque
2659 1852 2778 1903 flori

1705 1945 1976 1996 concolore
2012 1946 2318 2004 conspectu.
2380 1935 2491 2000 Ipsi
2529 1933 2776 1984 consules

1703 2024 1790 2073 vix
1813 2020 1977 2087 primo
1999 2017 2126 2068 flore
2143 2017 2320 2066 vestiti
2340 2028 2515 2078 genas,
2534 2009 2776 2060 floridum

1703 2101 1864 2162 diem,
1905 2109 2215 2161 roseumque
2248 2094 2425 2143 Solem
2456 2088 2777 2149 videbantur

1708 2190 2011 2242 exposcere.
2045 2172 2223 2223 Barth.

1772 2261 1805 2305 6
1839 2252 2098 2303 (ἴενιιιαιιίε
2127 2249 2292 2313 Coum]
2352 2248 2474 2298 Nou
2509 2253 2688 2295 tamen
2727 2243 2779 2293 hi

1712 2332 1865 2397 primi
1881 2328 2075 2381 fratres.
2086 2327 2334 2378 Consules
2351 2341 2364 2373 ε
2401 2322 2497 2372 sub
2522 2323 2779 2372 Constan-

1710 2409 1818 2461 tino
1849 2408 2097 2459 Jnaianum
2133 2411 2191 2453 et
2229 2401 2487 2451 Paulinum
2516 2399 2637 2462 lego
2677 2397 2781 2446 Ro·

1639 2504 1644 2509 ’
1709 2500 1888 2536 manas
1907 2485 2112 2533 curules
2130 2481 2376 2531 tenuisse.

1775 2561 1964 2625 Annus]
1998 2558 2220 2610 Nomine
2263 2572 2354 2606 suo
2402 2568 2589 2604 annum
2628 2552 2783 2614 insig-

1711 2639 1841 2701 nire,
1863 2640 1958 2689 boc
1978 2644 2079 2700 est,
2106 2635 2377 2689 Consulem
2394 2646 2531 2693 esse,
2553 2642 2781 2679 summus

1715 2721 1838 2766 tu‘nc
1861 2728 2062 2780 quoque
2082 2713 2266 2761 honos.
2307 2708 2483 2759 Barth.

1783 2792 2001 2855 Vestigia
2052 2793 2269 2854 torqueat
2325 2783 2497 2848 annus]
2580 2783 2783 2846 Legen-

1714 2870 1837 2920 dum
1868 2869 2077 2917 videtur
2086 2864 2327 2928 fastigia:
2358 2863 2434 2912 sic
2456 2862 2783 2912 consularem

1716 2948 2026 3013 dignitatem
2056 2951 2243 2994 vocant
2278 2949 2382 2992 tam
2419 2947 2598 2989 noster
2627 2952 2782 3003 qnam

1718 3026 1804 3081 alii
1829 3032 2064 3074 auctores
2092 3039 2105 3072 :
2136 3028 2379 3086 torquere
2422 3023 2598 3067 autem
2637 3011 2785 3064 fasti-

1718 3103 1801 3169 gia
1824 3100 1908 3151 vel
1930 3099 2529 3160 consulatum‚p1·oanno
2553 3107 2644 3141 seu
2665 3104 2786 3140 con-

1719 3181 1912 3228 sulatus
1939 3183 2193 3240 tempore.
2258 3170 2421 3234 Infra,
2440 3170 2540 3219 lioc
2558 3168 2674 3232 ipso
2697 3182 2785 3232 pa·

1720 3256 1983 3320 negy1·ico,
2024 3252 2116 3302 ‘ad
2139 3249 2325 3302 summi
2347 3246 2557 3314 quoties
2574 3241 2788 3308 fastigia

1712 3332 1847 3396 juris
1866 3330 2086 3383 Venerit
2107 3329 2141 3379 ε’
2177 3327 2264 3377 ubi
2302 3327 2436 3375 male
2466 3323 2631 3374 etiam
2647 3321 2789 3371 vesti-⁴

1714 3410 1801 3473 gia
1818 3409 1868 3456 in
1893 3405 2101 3470 scriptis
2119 3403 2443 3468 quibusdam.
2489 3400 2643 3449 Silius
2664 3411 2788 3449 sm·

1717 3482 1938 3546 mumjns
1954 3487 2108 3531 vocat
2128 3480 2470 3529 consulatum.
2517 3476 2701 3543 Atque
2717 3473 2789 3525 ita

1718 3558 1809 3611 lib.
1856 3572 1919 3609 ιι.
1966 3559 2017 3606 in
2063 3554 2372 3620 Eutropium
2405 3553 2521 3618 lego
2562 3569 2629 3601 ex
2677 3551 2790 3616 pai

1719 3637 2044 3704 conjectura,
2099 3636 2114 3662 ⁴
2145 3631 2405 3698 Nullaque
2451 3628 2647 3678 calcati
2691 3637 2790 3679 sta·

1722 3722 1837 3764 rent
1860 3710 2071 3776 fastigIa
2083 3707 2258 3775 juris.’
2291 3722 2364 3759 vx.
2404 3710 2559 3759 Cous.
2588 3706 2790 3761 Honor.

1720 3788 1736 3819 4
1763 3790 2004 3855 nulloque
2039 3788 2203 3852 magis
2254 3801 2310 3836 se
2361 3785 2493 3835 colle
2551 3790 2788 3848 potestas

1720 3867 1978 3929 AEstimat,
2021 3871 2078 3915 et
2127 3863 2310 3913 summi
2354 3860 2517 3912 sentit
2574 3858 2793 3927 fastigia

1712 3942 1886 4010 juris?
1922 3943 2034 3993 Lib.
2074 3955 2135 3992 11.
2172 3941 2222 3989 in
2259 3939 2431 3989 stilic.
2464 3938 2480 3966 ⁴
2506 3937 2635 3987 Plus
2671 3936 2790 3989 ideo

1722 4018 1973 4070 sumenda
1994 4018 2092 4071 tibi
2110 4015 2316 4080 fastigia
2325 4014 2485 4081 juris,
2503 4015 2590 4064 Ne
2610 4016 2794 4078 pereat

1722 4098 1830 4146 t'am
1866 4095 2067 4159 priscus
2096 4088 2290 4145 bonos.’
2355 4091 2573 4157 Nuptiis
2598 4088 2791 4145 Celeri·

1723 4184 1837 4224 nae:
1885 4171 2093 4221 ‘tenuit
2135 4182 2344 4227 summae
2378 4168 2596 4233 fastigia
2638 4168 2794 4239 sedis¹

1723 4249 1886 4301 Eoum
1929 4244 2109 4298 stabili
2145 4248 2449 4316 *moderatus
2478 4247 2606 4317 jure
2647 4263 2788 4299 seua-

1724 4326 1834 4383 t'um
1855 4325 1894 4378 τ’
1907 4320 2123 4392 :fastigio
2139 4319 2248 4394 ⁸pro
2277 4326 2538 4393 dignitate
2559 4324 2792 4397 Imperass
