3034 4934
1032 419 1111 468 IN
1165 415 1521 469 Romnum
1570 421 1718 471 mn.
1764 420 1849 471 11.

338 561 425 614 vei
460 569 623 627 prope
655 575 793 624 eam,
820 560 1023 626 proflxe
1043 567 1184 614 errat
1205 562 1405 615 Ludov.

235 686 243 693 ,
338 639 513 689 Vives.
548 638 748 688 Clarius
770 638 913 689 Ouio
931 639 1243 705 Frisingens.
1266 639 1406 690 Hist.

337 729 417 766 xv.
440 721 523 767 20.
555 718 571 745 ⁸
589 715 806 767 Rufinus
821 731 953 768 ‚vero
970 714 1296 781 postmodum
1318 715 1406 764 de·

338 801 515 846 tectus
549 801 675 844 ante
716 801 891 859 portas
930 794 1073 843 urbis
1104 793 1404 844 Constanti·

337 869 656 935 nopolitauae
679 870 993 934 decollatur,
1008 870 1404 935 caputque'ejus

336 961 459 997 cnm
491 947 713 998 dextera
748 937 900 996 manu
932 947 997 997 ad
1028 946 1307 1000 ludibrium
1347 948 1402 997 in

335 1024 466 1075 urbe
488 1023 893 1086 circumfertur?
924 1024 1128 1076 Bauli.-

402 1107 500 1152 281
543 1103 774 1152 Vindicta
808 1103 1054 1166 praeslruit
1080 1100 1206 1164 iras]
1253 1101 1402 1151 Idem

338 1178 468 1229 dicit
500 1179 536 1229 l.
558 1192 597 1228 1.
620 1193 808 1242 supra:
862 1181 877 1208 ‘
900 1178 1143 1230 commoti
1175 1179 1403 1242 pectoris

336 1254 510 1318 ignem
537 1256 586 1306 N
592 1255 737 1316 utrit,
758 1262 815 1305 et
825 1255 1071 1319 ,exiguum
1090 1255 1402 1307 stimulando

337 1333 523 1384 vulnus
544 1332 792 1385 acerbat!
860 1333 1108 1386 Quamvis
1129 1333 1184 1383 in
1201 1333 1305 1383 alia
1327 1348 1401 1385 re.

401 1413 498 1459 282
516 1410 879 1475 Spectatur-que]
895 1411 1270 1476 Exspectatur,
1285 1425 1403 1476 pro·

336 1484 509 1536 batur.
578 1485 771 1538 Omnia
795 1487 917 1551 2agit
956 1501 1023 1537 ne
1064 1487 1406 1538 Stilichonem

336 1568 599 1613 auctorem
636 1562 795 1612 caedis
831 1561 1010 1624 faciat,
1054 1564 1146 1613 sed
1185 1563 1405 1614 militem

335 1641 432 1694 sua
448 1646 635 1702 sponte
651 1653 765 1689 eam
788 1645 1103 1703 patrantem.
1139 1640 1290 1691 Idem.

350 1742 362 1751 ‚
391 1719 502 1774 ,283
540 1716 693 1766 Tanta
725 1718 784 1766 de
815 1716 951 1781 plebe
983 1718 1221 1783 repertus]
1272 1717 1406 1768 Pube

336 1792 557 1846 Lucens.
582 1793 800 1857 Gyrald.
836 1795 1009 1847 Vatic.
1047 1802 1106 1845 et
1138 1796 1240 1846 duo
1281 1796 1400 1846 alii:

337 1870 416 1920 sie
468 1870 605 1922 bello
652 1870 796 1922 Gild.
845 1872 861 1899 ⁴
898 1871 1186 1936 praecipuos
1233 1872 1407 1923 electa

337 1946 476 2009 pube
499 1946 770 2012 maniplos’
793 1947 947 1998 dixit.
997 1950 1227 2011 Vulgata
1248 1951 1404 2001 lectio

333 2023 462 2074 ferri
496 2026 651 2074 etiam
687 2031 893 2090 potest:
927 2027 1099 2088 vulgus
1123 2027 1266 2076 enim
1284 2042 1406 2077 mox

334 2101 543 2152 eosdem
568 2103 758 2153 milites
781 2110 951 2154 vocat.
1006 2105 1135 2154 Mox
1155 2106 1298 2153 corda
1318 2105 1407 2153 mi-

333 2181 471 2231 nacia
492 2181 820 2245 Pricaeanus,
837 2196 939 2232 nou
958 2173 1221 2233 mittentia.-
1234 2184 1410 2234 uncan-

333 2258 410 2307 tia
432 2257 584 2321 prim.
609 2258 851 2308 Vaticau.
893 2259 965 2310 D.
986 2260 1158 2310 Heius.

397 2338 498 2386 284
534 2336 691 2385 Corda
711 2335 968 2399 minantia]
1001 2335 1312 2390 Interiorem
1335 2337 1409 2389 af·

334 2408 536 2462 fectum
556 2418 613 2461 et
635 2425 859 2462 sensum.
903 2441 910 2450 ψ

402 2491 503 2539 286
537 2488 680 2538 Tanti
706 2489 949 2539 consilium
963 2490 1096 2552 vulgi
1111 2491 1319 2554 potuisse
1334 2496 1410 2541 ta-

336 2565 474 2629 ceri]-
495 2564 766 2615 Modestus
800 2565 1125 2630 Compendio
1150 2568 1249 2617 Rei
1269 2568 1410 2618 Mili·

333 2640 460 2691 taris
477 2658 489 2691 ε
513 2643 528 2670 ⁶
548 2642 684 2692 Raro
701 2642 838 2692 enim
855 2649 1032 2694 manet
1047 2642 1414 2698 absconditum

337 2711 476 2783 quod
520 2719 585 2768 ad
630 2720 876 2769 notitiam
918 2720 1270 2771 multitudinis
1296 2722 1411 2786 jam

334 2790 611 2859 pervenit.'
662 2796 840 2847 Barth.

398 2876 494 2922 287
531 2873 807 2937 Mentisque
842 2874 1064 2938 calorem]
1098 2875 1294 2926 Mentis
1325 2891 1409 2926 ca·

331 2950 495 3020 lorem
519 2963 620 2999 non
661 2952 851 3015 rumpi.
917 2951 1175 3002 Nimirum
1214 2954 1265 3002 in
1304 2953 1407 3004 fer·

335 3041 514 3078 vorem
535 3034 592 3076 et
613 3028 742 3077 iram
768 3044 883 3093 quae
923 3027 1130 3080 effutiat
1165 3030 1406 3082 dicenda.

335 3103 528 3160 Sed,si
564 3105 737 3154 mentis
768 3106 898 3154 calor
935 3105 1199 3170 Impetum
1233 3116 1405 3172 sonat,

337 3195 582 3245 rumpere
614 3189 704 3231 aut
740 3196 1014 3248 erumpere
1046 3184 1321 3236 dicendum
1355 3202 1408 3236 e-

335 3265 439 3310 rat.
503 3257 619 3308 Imo
663 3259 826 3309 calor.
850 3261 1038 3311 mentis
1080 3264 1405 3327 Temperiem

336 3343 489 3388 tonat
509 3349 673 3399 suam,
707 3337 979 3388 reticendo
1015 3345 1159 3390 tanto
1195 3341 1407 3405 negotio

339 3419 537 3478 aptam.
624 3414 809 3463 Mentis
852 3417 984 3464 calor
1026 3423 1109 3467 est
1151 3414 1407 3466 fervidum

336 3489 666 3555 propositum
681 3491 1058 3541 intrumentem
1077 3499 1412 3556 conceptum3

334 3567 702 3633 fiedquomodo
733 3567 786 3618 id
803 3583 907 3618 nou
925 3568 1095 3631 rumpi
1116 3569 1265 3631 dicit,
1286 3570 1409 3619 dum

335 3643 542 3706 siletur,
564 3658 682 3694 cum
703 3642 994 3694 ,facessetur
1013 3642 1159 3694 facto
1181 3657 1284 3695 non
1307 3660 1409 3695 ser·

336 3722 527 3772 tuone?
579 3735 678 3770 nec
727 3728 1000 3785 rumpatur
1044 3721 1141 3770 nisi
1184 3719 1412 3773 effectu?

335 3797 535 3848 Mentis
556 3798 721 3860 calor,
753 3798 1093 3862 generositas,
1113 3799 1261 3864 vigor
1282 3800 1411 3865 ejus.

339 3872 496 3926 Iden.

399 3954 504 4002 288
555 3950 780 4003 Sei-mom
831 3952 947 4017 vic]
1002 3953 1161 4007 Quali
1213 3952 1416 4004 animus

327 4026 502 4078 laxari
541 4029 917 4092 assolet‚·cum
957 4030 1048 4080 diu
1083 4031 1417 4082 comitesso·

335 4103 478 4158 cium
499 4103 604 4157 iter
626 4102 851 4156 faciunt.
918 4103 1027 4160 Qui
1061 4109 1198 4157 bunc
1230 4109 1418 4181 nescit,

335 4191 600 4245 nunquam
644 4180 835 4233 comite
883 4180 1072 4232 idoneo
1115 4184 1262 4240 ullibi
1315 4186 1417 4235 iter

336 4257 501 4320 ἱρείη
535 4260 621 4325 qui
645 4273 752 4311 non
771 4259 929 4326 cavit,
946 4274 1091 4325 saepe
1114 4268 1300 4327 captus
1319 4269 1418 4315 cst.

341 4334 521 4391 Idem..

1549 567 1650 614 289
1686 562 2128 629 Mam-tiuhan]
2163 562 2385 616 Tamen
2412 564 2561 615 idem

1482 640 1816 692 Pricaeanus:
1879 645 2083 692 nentem
2137 640 2323 692 tertius
2381 640 2555 693 Vatie.

1482 715 1623 768 forte
1640 723 1851 781 gentem.
1902 719 1978 769 D.
2000 718 2183 769 Heius.
2546 737 2553 748 ·

1548 798 1646 843 290
1672 792 1920 844 Arcanum
1942 795 2135 859 pupulo]
2169 793 2365 850 Acute.
2411 795 2553 848 Qua·

1481 869 1554 919 lia
1577 870 1629 918 in
1660 870 1756 920 boc
1791 869 1964 921 Poeta
1994 871 2416 937 incomparabilis
2439 886 2556 937 gra·

1480 946 1568 995 tiae
1587 953 1729 1010 sunt,
1741 946 1862 1012 quia
1877 961 1976 998 nec
1994 946 2247 1001 affectata
2264 964 2362 1000 nec
2378 948 2553 1000 nimia.

1545 1105 1640 1151 291
1677 1102 1927 1167 Rhodope]
1957 1102 2078 1153 Nou
2110 1101 2250 1153 solus
2271 1115 2417 1153 mons
2434 1108 2563 1154 tum

1480 1177 1582 1228 boc
1616 1179 1824 1227 nomine
1857 1180 2204 1241 censebatur3
2259 1180 2351 1231 sed
2388 1185 2446 1229 et
2485 1169 2553 1232 ex

1481 1254 1776 1305 Provinciis
1797 1256 2030 1306 Thraciae
2054 1257 2256 1308 ultima.
2304 1257 2453 1307 Idem.
2550 1283 2557 1290 «

1505 1359 1511 1364 ·
1547 1335 1645 1381 292
1669 1332 1896 1383 Herculei
1916 1333 2207 1396 cognonduis
2225 1332 2412 1396 urbem]
2445 1331 2559 1384 He-

1484 1409 1741 1471 racleam3
1797 1425 1952 1475 quam
1994 1412 2281 1464 secundam
2317 1411 2567 1463 Thraciae·

1482 1488 1756 1538 illustrium
1787 1490 2065 1542 civitatum·
2092 1497 2274 1542 censet
2305 1488 2561 1542 Constano

1484 1565 1622 1615 tinus
1645 1565 1796 1616 modo
1812 1567 2074 1618 nominato
2095 1569 2229 1618 loco.
2293 1570 2365 1619 Et
2386 1568 2559 1619 Herae

1484 1643 1599 1692 elea
1619 1643 1724 1696 ista
1758 1657 1862 1694 non
1896 1645 2078 1707 procul
2117 1650 2232 1695 erat
2260 1644 2561 1709 Byzantio>

1480 1718 1586 1770 imo
1603 1722 1875 1772 Cluverius
1899 1722 2185 1787 Byzantem
2206 1736 2319 1773 esse
2336 1720 2554 1772 indicat.

1481 1798 1635 1849 Idem.
1972 1822 1979 1827 ·
2106 1843 2111 1847 .
2234 1819 2246 1826 ·
2380 1816 2385 1822 ¹
2458 1821 2465 1826 ·
2494 1817 2497 1822 ·
2550 1819 2561 1836 v

1497 1907 1504 1914 ι
1545 1880 1643 1925 294
1699 1877 1889 1939 Magna
1940 1876 2144 1939 cervice]
2196 1876 2561 1928 stoliditatem

1480 1952 1697 2020 bominis
1719 1954 1773 2003 iu
1797 1954 1997 2005 duobus
2021 1954 2270 2005 extremis
2289 1954 2557 2018 proponit,

1478 2030 1638 2079 nimia
1660 2031 1906 2096 elatione,
1938 2038 1994 2081 et
2032 2030 2192 2081 nimio
2215 2037 2376 2080 metu.
2443 2029 2557 2080 Sci·

1480 2113 1593 2157 tum
1614 2113 1699 2156 est
1716 2114 1955 2157 veterum
1990 2106 2302 2170 Sapientum
2323 2105 2555 2155 homines

1478 2190 1714 2234 extreme
1729 2185 1970 2247 audaces,
1986 2190 2218 2234 extreme
2234 2182 2396 2248 etiam
2419 2182 2556 2233 timi-

1480 2260 1574 2310 dos
1596 2275 1741 2322 esse3
1764 2269 2068 2326 contraque.
2104 2262 2174 2311 Et
2194 2261 2301 2310 hoc*
2316 2266 2398 2311 est
2412 2260 2553 2324 quod

1478 2336 1681 2387 Seneca
1703 2337 1884 2401 paucis
1906 2336 2039 2387 dicit
2060 2335 2233 2400 Epist.
2257 2339 2357 2385 60.
2378 2335 2396 2363 ‘
2414 2334 2557 2385 Stul-

1482 2414 1602 2465 titia
1622 2415 1695 2463 nil
1718 2420 1962 2479 pacatum
1983 2412 2179 2463 habet.'
2226 2414 2376 2464 Idem.
2548 2433 2559 2450 τ

1549 2496 1643 2541 295
1702 2491 1877 2541 Omnia
1915 2494 2024 2539 tuta
2076 2488 2239 2551 ratus]
2293 2486 2563 2539 Adulatur.

1482 2567 1840 2624 Stilichonem.
1906 2567 2025 2617 Uno
2046 2566 2182 2616 enim
2212 2566 2301 2615 illo
2335 2564 2557 2616 absente

1485 2659 1693 2695 cursum
1756 2643 2016 2708 integrum
2075 2641 2393 2693 facinoribus
2450 2642 2557 2692 suis

1484 2721 1727 2787 spondet.
2328 2727 2335 2732 ·

1549 2798 1889 2863 &epirumque
1920 2794 2180 2868 capessere]
2213 2794 2456 2862 Regnum
2489 2793 2557 2847 si·

1483 2889 1548 2924 ve
1581 2875 1869 2939 Imperium
1909 2873 2557 2938 constantinopolitannm.

1481 2952 1759 3017 Sceptrum
1779 2951 1919 3017 quod
1957 2950 2071 3015 ejus
2110 2952 2273 3017 partis
2294 2950 2561 3016 principes

1479 3030 1776 3094 gestabant,
1806 3027 2093 3093 Regiorum
2137 3028 2299 3078 instar
2334 3030 2565 3077 caetero--n

1480 3123 1593 3158 rum
1639 3115 1770 3171 erat,
1813 3113 2008 3172 praeter
2052 3107 2191 3172 quod
2230 3106 2285 3156 in
2338 3118 2559 3167 summo,

1480 3187 1654 3236 crucis
1679 3184 1901 3249 effigiem
1913 3184 2163 3238 habebat.
2217 3183 2394 3233 Barth.

1546 3268 1646 3314 296
1681 3263 1963 3325 Gon-juratos
1998 3259 2219 3323 clientes]
2272 3259 2563 3320 conjuratas

1480 3341 1695 3390 cohortes
1730 3340 1879 3389 multi
1918 3353 1986 3389 ex
2018 3337 2260 3401 scriptis;
2291 3337 2381 3386 sed
2407 3337 2561 3386 male.

1483 3420 1670 3482 Supra,
1703 3419 1721 3446 ‘
1741 3416 2043 3479 circumque
2079 3418 2281 3463 armata
2302 3412 2559 3461 clientum

1485 3495 1692 3559 agmina
1707 3493 1740 3554 ;’
1767 3508 1862 3557 pro
1884 3492 2123 3552 lior-tatur,
2145 3490 2352 3540 ostendit
2372 3499 2569 3538 novem·

1483 3571 1696 3635 scripti:
1723 3576 1831 3620 tres
1852 3568 2065 3633 qff'atur:
2099 3566 2314 3616 accendit
2335 3566 2565 3629 uterque

1485 3649 1658 3698 Oxou.
1682 3656 1739 3697 et
1779 3660 1875 3711 pro
1897 3646 2105 3697 diversa
2142 3642 2368 3693 lectione
2407 3641 2567 3706 prim4

1483 3723 1797 3782 Vaticanus;
1852 3720 1990 3787 quod
2047 3733 2259 3770 verum:
2312 3725 2373 3769 nt
2422 3718 2562 3782 apud

1482 3801 1670 3864 virgil.
1725 3800 1740 3827 ‘
1774 3799 2002 3849 Martem
2045 3796 2341 3848 accendere
2386 3793 2567 3845 cantu’

1484 3877 1702 3929 tubicen
1741 3876 1954 3927 dicitur.
2002 3874 2176 3940 Supra
2215 3874 2249 3924 l.
2273 3887 2314 3924 1.
2347 3872 2366 3902 ‘
2388 3871 2565 3928 Emit}

1486 3956 1774 4007 instauras:
1826 3951 2071 4003 accendit
2106 3950 2308 4016 praelia,
2343 3948 2509 3998 vincis
2525 3945 2565 3998 i?

1487 4042 1543 4085 et
1562 4035 1661 4085 hoc
1693 4035 1810 4098 ipso
1846 4032 2015 4094 libro;
2051 4034 2067 4061 ‘
2098 4029 2380 4097 Pugnandi
2416 4026 2571 4092 cupi-

1487 4112 1583 4163 das
1614 4111 1856 4161 accendit
1896 4125 2026 4160 voce
2063 4106 2338 4160 cobortes)
2390 4105 2568 4169 Silius,

1486 4189 1526 4239 1.
1549 4201 1656 4239 xn.
1687 4189 1704 4216 ‘
1727 4188 1886 4253 Isque
1919 4188 2010 4237 ubi
2029 4190 2348 4252 Torquatum
2372 4183 2566 4247 raptim

1490 4273 1778 4331 properata
1797 4264 2055 4317 ferentem
2075 4264 2239 4329 Signa
2256 4262 2420 4325 videt,
2439 4274 2569 4326 pug-

1492 4359 1680 4410 naeque
1697 4343 1876 4394 avidas
1891 4341 2184 4394 accendere
2202 4337 2453 4393 dextras?
2478 4337 2569 4390 Ita
