3034 4934
493 369 627 440 942
1135 386 1255 435 ct..
1300 382 1731 435 cunnum
1782 381 2042 434 xxxV.

491 533 739 584 nean-um.
782 531 980 595 'Prope
1002 534 1084 579 est
1104 528 1244 579 lacus
1267 527 1576 593 pellucidus.
1643 525 1765 576 Huc
1808 526 1985 576 volant
2004 527 2135 576 Deoe
2169 525 2238 576 td
2281 525 2438 579 flores
2463 523 2712 592 colug'e'if-
2789 529 2796 534 ’

494 615 605 665 dos.
674 614 802 661 Mox
825 610 980 661 urbes
1014 616 1318 678 montesque
1362 609 1686 673 quatiuntur.
1753 607 1913 657 Pluto
1943 609 2174 672 erumpit
2208 608 2273 658 ab
2314 608 2522 661 Inferis.
2586 611 2724 662 Sici·

493 696 566 745 lia
587 694 829 755 dehiscit,
872 692 1070 741 Coelum
1095 691 1293 752 tremit,
1315 691 1488 740 omnia
1521 687 1766 740 afflantur
1785 690 1851 740 ab
1873 690 2023 756 equis
2062 690 2320 740 Plutonis.
2387 692 2716 755 Proserpina

494 776 729 840 rapitur:
766 773 939 822 Pallas
963 779 1019 822 et
1043 772 1214 821 Diana
1237 776 1485 821 tremunt.
1555 772 1640 821 De
1663 771 1892 821 Plutone
1916 778 2240 835 queruntur3
2278 786 2421 821 arma
2444 779 2717 837 pararent,

495 856 589 907 sed
612 856 908 906 retinentur
928 868 958 902 a
982 855 1132 905 Jove.
1198 852 1517 916 Proserpina
1537 849 1653 902 flet.
1719 852 1872 901 Hanc
1897 853 2093 902 solatur
2114 854 2276 903 Pluto
2298 869 2390 918 spe
2414 856 2590 918 magni
2614 855 2720 904 lm-

494 938 647 1002 perii.
712 936 1040 999 Proserpinae
1079 934 1252 985 omnia
1286 935 1640 998 gratulantur,
1673 934 1765 984 sed
1809 949 1923 984 eam
1965 934 2235 999 excipiunt
2267 936 2518 986 Heroinoe
2552 933 2744 1010 Elydi2

497 1033 660 1069 orum.
725 1016 998 1083 Supplicia
1036 1016 1394 1068 damnatorum
1417 1023 1661 1079 cessant3
1688 1030 1828 1067 mors
1851 1016 1995 1066 nulla
2016 1025 2131 1081 est3
2164 1024 2444 1069 renovatur
2461 1018 2718 1068 saeculum

495 1113 728 1150 aureum.

501 1472 849 1561 lupum
880 1494 1117 1561 Ionios
1147 1495 1500 1579 praemisso
1533 1495 1781 1559 lumine
1810 1492 2054 1559 fluctus

494 1597 825 1665 Nondum
854 1619 1021 1684 pura
1050 1599 1193 1663 dies
1220 1620 1236 1664 t
1281 1600 1580 1664 tremulis
1610 1599 1901 1663 vibravit
1930 1600 2000 1662 in
2033 1596 2229 1664 undis

498 1693 750 1779 Ardor,
781 1708 847 1768 et
874 1708 1170 1768 errantes
1195 1702 1434 1768 ludunt
1459 1722 1586 1787 per
1614 1704 1871 1768 coerula
1897 1703 2212 1767 flammae.

500 1804 794 1890 Jamque
823 1806 1051 1871 audax
1080 1806 1310 1884 animi,
1340 1805 1628 1889 fidaeque
1657 1806 1868 1870 oblita
1897 1805 2220 1889 parentiS,

502 1908 767 1974 Fraude
796 1910 1091 1975 Dionaea
1118 1909 1344 1992 riguos
1374 1909 1786 1994 Proserpina
1816 1910 2031 1974 saltus
2227 1913 2233 1918 ’
2678 1907 2721 1973 5

400 2031 407 2035 ·
492 2010 651 2098 (Sic
684 2013 923 2078 Parcae
952 2011 1255 2096 voluere)
1283 2012 1476 2095 petit.
1561 2012 1699 2078 e'rer
1731 2011 2003 2078 cardine
2033 2032 2233 2078 verso

502 2115 889 2201 Praesagum
917 2117 1216 2182 cecinere
1245 2116 1460 2182 fores:
1507 2124 1603 2182 ter
1636 2117 1912 2182 conscia
1937 2116 2062 2181 fati

567 2274 679 2325 Lux
696 2276 824 2325 clara
852 2277 1056 2325 nondum
1093 2276 1357 2326 illustravit
1384 2275 1542 2338 radiis
1557 2274 1735 2339 sparsis
1759 2289 1889 2323 mare
1916 2273 2100 2324 lonium
2117 2291 2134 2322 .-
2155 2272 2326 2336 fulg-or
2346 2272 2479 2323 Solis
2503 2274 2727 2324 volitavit

503 2340 557 2392 in
576 2340 713 2403 aquis
733 2342 964 2400 tremulis,
982 2347 1028 2390 et
1050 2342 1177 2390 radii
1200 2342 1312 2402 vagi
1334 2342 1585 2403 agitantur
1601 2356 1689 2404 per
1703 2356 1882 2403 uquam
1914 2345 1960 2389 et
1969 2340 2079 2401 J'am
2101 2340 2384 2403 Proserpina
2407 2341 2608 2389 audenti
2629 2340 2729 2390 ani·

504 2420 598 2467 mo,
619 2411 665 2454 et
685 2406 927 2455 immemor
944 2406 1305 2472 mutrisffilelis,
1327 2407 1477 2455 currit
1503 2407 1554 2455 in
1577 2406 1732 2470 syleas
1755 2406 1966 2467 irriguus
1980 2406 2083 2454 dolo
2104 2405 2297 2455 Veneris
2318 2404 2420 2468 (sic
2445 2404 2729 2466 Parcaejue·

504 2470 702 2535 serunt)
718 2487 733 2520 .·
749 2471 906 2533 janua
926 2471 1085 2521 sonuit
1106 2478 1182 2521 ter
1196 2472 1506 2536 praesagium,
1529 2472 1720 2522 cardine
1742 2472 1924 2520 inverso
1939 2487 1955 2520 .·
1989 2472 2142 2520 AEtna
2157 2470 2337 2520 conscia
2356 2474 2529 2533 raptus
2545 2469 2729 2532 gemuit

1436 2597 1794 2621 OOOOOOOOOOOO

572 2688 599 2733 1
635 2682 811 2746 Apulit
833 2685 1006 2737 Oxou.
1029 2690 1233 2737 sem—2
1266 2686 1480 2735 vibratur
1501 2699 1683 2735 omnes
1718 2686 1864 2735 Vatt.
1888 2685 2002 2734 Pal.
2038 2685 2165 2735 Cod.
2203 2683 2491 2733 Bai-thulin.
2529 2683 2727 2734 Moret.

507 2761 586 2813 pr.
644 2749 746 2799 duo
790 2751 915 2801 Jun.
972 2752 1073 2801 duo
1115 2753 1266 2802 Voss,
1310 2753 1538 2801 chartac.
1584 2750 1765 2800 Heius.
1801 2751 1904 2800 duo
1952 2749 2124 2801 Oxou.
2165 2750 2384 2800 Alci—4
2439 2749 2600 2798 animo
2647 2749 2729 2798 vel

506 2814 656 2862 animi
697 2814 868 2866 oxon.
913 2832 1017 2867 sec.
1036 2817 1243 2883 fidaque
1264 2817 1384 2867 Vat.
1417 2816 1586 2866 Liviu.
1607 2815 1821 2881 fideique
1859 2816 1981 2866 Vat.
2022 2816 2070 2866 d.
2109 2815 2336 2865 chartac.
2377 2814 2564 2864 Heius.
2609 2813 2730 2865 edd.

507 2877 628 2928 Ald.
651 2880 822 2929 Vicet.
860 2881 1037 2931 Parm.
1075 2891 1131 2931 et
1155 2882 1420 2933 colim—6
1462 2882 1528 2931 Ut
1555 2882 1724 2930 Parcoe
1748 2883 1935 2942 jussere
1957 2881 2106 2930 Voss.
2131 2895 2207 2943 pr.
2249 2881 2372 2932 Jun.
2412 2894 2517 2930 sec.
2545 2883 2732 2930 voluere

509 2943 641 3003 Reg.
675 2942 778 2991 duo
803 2946 948 2996 Vatt.
978 2948 1162 3008 jussere
1185 2955 1290 2996 tres
1325 2947 1473 2997 Vatt.
1510 2947 1626 2996 Pal.
1664 2946 1769 2995 duo
1793 2947 1916 2998 Jun.
1939 2946 2041 2995 duo
2071 2947 2223 2995 Voss».
2268 2946 2499 2995 chartac.
2542 2945 2729 2995 Heins-

509 3007 636 3056 Cod.
660 3009 946 3061 Bartholin.
979 3018 1055 3061 ter
1074 3015 1266 3062 cardine
1287 3013 1408 3062 Vat.
1431 3025 1537 3062 sec.
1559 3020 1615 3060 et
1655 3011 1707 3062 d.
1728 3027 1833 3060 cum
1877 3012 2064 3061 Petav.
2090 3025 2192 3061 sec.
2225 3016 2326 3060 tum
2349 3011 2477 3061 Cod.
2499 3011 2729 3062 Bartho-

506 3071 599 3121 lin.
632 3078 744 3122 tunc
767 3075 868 3123 duo
885 3076 1030 3126 Vatt.
1053 3077 1150 3126 inc.
1175 3078 1356 3126 Heius.
1375 3077 1558 3128 Ambr.
1584 3083 1705 3127 tert.
1728 3078 1860 3127 Exc.
1877 3077 2060 3126 Petav.
2084 3084 2256 3141 quart.
2291 3077 2375 3126 ed.
2400 3076 2577 3126 vicet.
2599 3078 2728 3126 Var.

508 3137 612 3186 LL.
633 3153 661 3185 e
685 3152 846 3201 marg.
865 3141 1138 3191 Parnm—’7
1162 3143 1435 3204 Proesagum
1456 3144 1580 3193 Vat.
1607 3142 1659 3191 d.
1683 3142 1808 3192 Put.
1830 3142 1934 3191 inc.
1959 3141 2141 3191 Heius·
2176 3143 2419 3203 Praesagae
2445 3149 2554 3189 tres
2575 3141 2731 3191 Vatt.

509 3202 640 3252 eod.
664 3203 955 3256 Bartholin.
978 3208 1209 3257 Florent.
1232 3208 1408 3257 Vicet.
1456 3209 1588 3257 Exc.
1614 3207 1767 3258 Laeti.
1793 3208 2095 3270 Praemgium
2135 3206 2237 3255 duo
2281 3207 2426 3255 Vatt.
2466 3206 2581 3256 Pal.
2625 3205 2730 3255 duo

508 3268 655 3317 Med.
681 3268 867 3319 Heius.
889 3270 960 3321 H.
983 3273 1112 3336 Reg.
1134 3287 1202 3322 m.
1220 3287 1301 3335 pr.
1323 3274 1523 3323 Bonon.
1551 3275 1694 3324 Voss.
1719 3288 1796 3337 pr.
1818 3274 1943 3325 Jun.
1962 3287 2066 3322 sec.
2090 3272 2193 3321 duo
2211 3272 2384 3321 Oxou.
2410 3271 2512 3319 duo
2536 3271 2730 3322 PetaV.

509 3332 641 3382 Exc.
665 3333 853 3386 Petav.
868 3343 1041 3400 quart.
1079 3338 1394 3400 Proesaguum
1417 3338 1594 3388 deleto
1615 3344 1789 3388 tamen
1815 3345 1998 3402 postea
2031 3353 2062 3386 ιι
2099 3337 2303 3387 Tholas.
2338 3338 2620 3399 Proe‘mgum
2643 3338 2730 3386 vel

509 3398 753 3462 Proesagoe
776 3401 963 3452 Pelav.
987 3417 1090 3451 sec.
1123 3407 1200 3451 ter
1219 3403 1402 3452 conscia
1424 3404 1544 3453 Vat.
1569 3411 1743 3468 quart.
1788 3411 1843 3454 et
1876 3403 1926 3453 d.
1960 3409 2072 3452 tunc
2092 3402 2216 3452 vat.
2238 3408 2360 3452 tert.
2398 3401 2502 3451 inc.
2539 3402 2731 3454 Heius.

509 3461 693 3514 Ambr.
739 3471 864 3517 tert.
910 3467 1038 3518 Cod.
1078 3469 1313 3522 Barthol.
1347 3469 1532 3519 concita
1555 3470 1729 3520 Oxou.
1752 3468 2010 3528 semsucti
2049 3468 2177 3520 Cod.
2215 3467 2505 3518 Bartholiu.
2540 3466 2727 3519 Ambr.

1505 3602 1728 3655 NOTAE

538 3665 549 3670 “
576 3697 604 3743 1
640 3693 820 3759 Ionios]
854 3696 967 3748 Lib.
988 3712 1028 3749 1.
1053 3714 1211 3763 supra
1234 3715 1308 3751 vs.
1331 3704 1444 3751 14⁷.
1658 3699 1913 3749 exeundo.

576 3772 609 3818 2
645 3771 867 3820 Nondum
899 3789 1025 3836 pura
1058 3776 1181 3839 dies]
1230 3777 1294 3826 Id
1334 3783 1436 3838 est,
1466 3790 1577 3826 cre·
1721 3781 1752 3825 6
1788 3777 1982 3827 Fraude
1997 3774 2227 3839 Dionoea]
2286 3775 2349 3826 Id
2393 3781 2498 3838 est,
2542 3776 2728 3828 fraude

510 3846 806 3909 pasculum,
842 3861 932 3898 seu
973 3848 1132 3900 dubia
1155 3851 1243 3900 lux
1280 3852 1418 3902 inter
1452 3866 1575 3902 noc·
1657 3853 1896 3917 Veneris,
1920 3868 2074 3917 quam
2101 3852 2317 3917 Jupiter
2337 3854 2601 3902 ex·Dione
2623 3868 2729 3903 sus-

511 3929 619 3972 tem
641 3920 901 3986 diemque.
1656 3931 1833 3994 cepit3
1894 3931 2034 3983 unde
2064 3932 2259 3995 Venus,
2301 3938 2469 3981 mater
2505 3933 2728 3982 Dionaea

574 4002 607 4047 4
641 4000 820 4048 Audax
841 4002 1013 4065 animi]
1062 4003 1262 4054 Putant
1283 4004 1577 4055 subintelli-
1655 4009 1868 4059 dicitur.

513 4076 568 4141 gi
606 4077 803 4142 virtute,
864 4079 1011 4144 quasi
1050 4080 1120 4131 sit
1167 4082 1336 4132 audax
1378 4082 1575 4132 virtute
1719 4087 1907 4149 Riguus
1928 4067 2103 4152 saltus}
2147 4086 2515 4153 Sylva-aquis
2547 4099 2730 4152 peren-

511 4153 684 4204 mimi.
1657 4163 1806 4212 nibus
1830 4164 2050 4229 irriguas
2069 4180 2158 4214 sen
2182 4179 2436 4228 aspersas.

577 4230 717 4280 Fidoe
753 4234 991 4297 parentis]
1047 4234 1241 4285 Fidelis
1281 4238 1483 4301 matris,
1521 4245 1578 4288 et
1723 4245 1756 4290 7
1813 4243 2093 4303 l‘raesagum
2127 4241 2354 4305 cecinere]
2410 4239 2475 4289 Id
2517 4245 2621 4303 est,
2645 4238 2727 4305 ja-

511 4306 599 4358 cui
618 4305 849 4361 fideliter
870 4311 1217 4364 obediendum
1248 4313 1435 4366 fuisset
1470 4329 1578 4366 non
1658 4333 1778 4369 nuae
1802 4322 1886 4367 ter
1923 4318 2095 4369 sonitu
2125 4315 2327 4368 infelici
2364 4315 2728 4368 indicaverunt
