3034 4934
506 431 680 510 1092
1217 454 1329 504 ct..
1377 445 1803 503 cLAumAm
1853 450 2036 499 xcv,

507 604 816 671 Cornua:
863 600 1188 686 subjectis
1220 594 1449 664 eadem
1479 597 1841 662 lentescere
1874 590 2118 679 cog'unt
2207 593 2212 594 ⁷

509 707 825 791 Ignibus:
879 702 1223 768 in'tendunt
1249 702 1510 766 taurino
1538 697 2066 766 viscere‘iiervos
2092 707 2130 763 ε·

507 809 860 875 Instruitur
889 808 1138 891 pinnis,
1167 806 1469 889 ferroque
1497 808 1792 868 armatur
1822 802 2101 867 arundo,

509 912 691 978 Ecce
716 897 944 978 brevis
972 909 1258 994 propriis
1287 908 1587 974 munitur
1616 906 1841 971 bellua
1869 904 2043 984 telis,
2195 976 2200 982 q
2569 895 2588 992 ’θ
2637 906 2722 967 40

507 1015 874 1081 Extemam
903 1032 1025 1077 nec
1058 1013 1298 1096 quaerit
1327 1031 1565 1095 opem:
1618 1009 1741 1075 fert
1767 1011 1993 1074 omnia
2017 1024 2288 1073 secum:

509 1119 600 1184 Se
629 1118 956 1201 pharetra,
987 1135 1133 1179 sese
1153 1114 1412 1200 jacu10,
1444 1134 1595 1179 sese
1622 1115 1823 1179 utitur
1852 1132 2032 1177 arcu.
2289 1129 2296 1133 ·

509 1220 738 1285 Unum
769 1218 1018 1284 animal
1047 1222 1321 1283 cunctas
1351 1217 1676 1282 bellorum
1707 1214 2011 1299 possidet
2040 1218 2234 1278 artes.

511 1324 718 1404 Quod
752 1324 811 1387 si
843 1322 1059 1388 omnis
1087 1325 1334 1385 nostrae
1366 1320 1688 1402 paulatim
1718 1318 2050 1383 industria
2079 1318 2239 1382 vitae

506 1427 747 1492 Fluxit
775 1428 863 1491 ab
896 1423 1250 1507 exem-pli&
1284 1423 1604 1508 quicquid
1636 1423 1869 1507 procul
1898 1421 2154 1506 appetit
2178 1420 2445 1484 hostem
2611 1415 2723 1485 '45

508 1529 696 1595 Hinc
724 1550 873 1594 reor
902 1528 1282 1593 inventum:
1327 1546 1577 1591 morem
1605 1527 1758 1591 hinc
1788 1526 2075 1589 traxisse
2106 1521 2421 1609 Cydonas

509 1632 844 1711 Bellandi‚
875 1631 1294 1714 Parthosque
1324 1634 1496 1693 retro
1529 1628 1844 1693 didicisse
1866 1626 2102 1720 ferire,-

508 1736 742 1803 Prima
769 1734 1160 1820 sagittiferae
1191 1732 1910 1819 pecudis-documenta
1939 1736 2230 1796 secutos.

509 1920 622 1970 nia.-
643 1926 817 1983 cogunt
838 1920 996 1969 eadem
1017 1918 1194 1969 muniri
1202 1918 1417 1985 flammis
1435 1920 1715 1984 wppositis:
1737 1918 2020 1968 contendunt
2045 1917 2097 1967 in
2114 1912 2192 1967 his
2201 1909 2350 1978 sums
2364 1931 2429 1966 ex
2447 1917 2606 1966 nervis
2624 1923 2727 1967 tau-

506 2002 668 2035 rorum
680 2003 696 2036 .-
717 1986 900 2047 sagitta
917 1988 1177 2036 adamatur
1192 1986 1370 2048 pinnis,
1388 1990 1434 2034 et
1445 1985 1719 2051 praefigitur
1727 1984 1887 2046 ferro.
1951 1985 2033 2033 En
2048 1983 2195 2033 bestia
2210 1999 2360 2047 parva
2373 1985 2558 2043 tegitur
2571 1982 2721 2047 spicu-

507 2052 569 2101 lis
591 2052 711 2112 suis,
742 2065 885 2113 neque
916 2050 1119 2113 requirit
1140 2050 1376 2099 auxilium
1396 2051 1710 2101 adventitium
1725 2068 1740 2099 .·
1767 2054 1935 2114 portat
1967 2049 2123 2098 omnia
2140 2064 2325 2099 secum:
2358 2048 2518 2098 utitur
2549 2064 2648 2097 sese
2669 2056 2725 2098 ut

499 2116 752 2183 pharetra,
769 2131 868 2165 sese
890 2123 948 2165 ut
970 2117 1081 2176 telo,
1117 2130 1215 2165 sese
1240 2123 1297 2165 ut
1318 2131 1448 2166 arcu.
1502 2116 1609 2165 Una
1633 2115 1781 2165 bestia
1804 2114 1941 2164 habet
1964 2114 2301 2164 dexteritatem
2323 2129 2503 2163 omnem
2519 2113 2723 2163 militie.

514 2183 656 2238 Quod
698 2185 740 2230 si
777 2182 929 2231 omnis
948 2182 1140 2230 solertia
1158 2181 1270 2229 vitoe
1302 2186 1478 2229 nostra·
1515 2182 1751 2244 paulatim
1784 2182 1986 2230 deducta
2032 2186 2101 2228 est
2142 2179 2201 2228 ab
2231 2181 2477 2243 exemplis,
2509 2179 2726 2243 quicquid

508 2248 648 2307 longe
674 2245 800 2306 ferit
821 2247 1018 2308 hostem,
1050 2244 1162 2293 hinc
1196 2251 1312 2308 puto
1340 2247 1588 2296 deductum
1625 2261 1767 2295 esse:
1801 2246 1911 2294 kiae
1938 2250 2054 2308 puto
2079 2246 2297 2309 Cydonas
2331 2245 2592 2308 arripuisse
2625 2259 2727 2293 con·

508 2312 806 2360 suetudinem
832 2311 1101 2373 pugnandi,
1132 2315 1178 2358 et
1207 2311 1406 2360 Parthos
1427 2314 1658 2376 accepisse
1687 2316 1842 2361 artem
1866 2310 2164 2375 percutiendi
2186 2325 2326 2376 pone,
2347 2311 2593 2360 imitantes
2605 2309 2727 2375 peri·

511 2376 632 2426 tiam
655 2377 860 2440 primam
890 2375 1051 2425 bestioe
1076 2376 1387 2437 sagittiferoe.

1438 2503 1794 2525 OOOOOOOOOOOO

508 2588 631 2637 Vat.
670 2591 790 2636 tert.
844 2586 1064 2636 Cortinia
1101 2587 1226 2637 Lov,
1267 2587 1467 2637 Buslid.
1519 2589 1752 2652 Cortynia
1792 2590 1962 2640 Oxou.
1998 2604 2101 2641 sec.
2158 2590 2387 2642 Gor-tinia
2419 2593 2547 2643 Var.
2571 2594 2675 2643 LL.
2697 2606 2727 2642 e

509 2667 669 2717 marg.
693 2653 869 2702 Parm.
903 2654 1081 2716 campis
1096 2654 1218 2701 Vat.
1242 2668 1348 2703 sec.
1373 2653 1574 2702 Buslid.
1624 2655 1777 2717 captis
1799 2654 1899 2704 duo
1925 2656 2070 2706 Med.
2094 2657 2221 2708 Exc.
2254 2658 2481 2708 Lucens.
2502 2673 2581 2723 pr.
2603 2660 2726 2708 Var-

507 2718 619 2769 LL.·
639 2717 723 2768 ed.
750 2717 907 2768 Antv.
940 2718 1097 2781 raptis
1120 2718 1485 2769 Μύκοι-38
1521 2719 1732 2768 intendet
1758 2722 1900 2771 Rott.
1934 2721 2187 2771 incendunt
2210 2722 2354 2773 Med.
2376 2737 2482 2774 sec.
2516 2724 2730 2773 ivttendoe

508 2781 692 2833 Ambr.
734 2788 857 2833 tert.
912 2783 1100 2831 taurino
1132 2785 1263 2833 Exc.
1302 2785 1527 2833 Luceus.
1567 2798 1646 2847 pr.
1701 2787 1914 2834 taurinos
1949 2786 2048 2836 duo
2072 2788 2222 2838 Vatt.
2258 2789 2371 2838 Pal.
2398 2790 2543 2840 Rott.
2568 2789 2729 2839 Oisel.

510 2849 701 2898 taurim
734 2849 909 2897 viscere
946 2849 1067 2898 var.
1094 2850 1195 2898 LL.
1238 2864 1266 2898 e
1306 2864 1469 2913 marg.
1510 2848 1686 2899 Parm.
1738 2852 1953 2901 taurinos
1972 2853 2162 2901 mittere
2185 2852 2358 2905 Oxou.
2398 2868 2501 2905 sec.
2556 2853 2730 2904 viscere

510 2914 638 2964 Exc.
663 2914 880 2963 Lucens.
905 2927 987 2977 pr.
1012 2913 1130 2963 Ald.
1163 2914 1348 2965 vincere
1370 2915 1474 2963 inc.
1497 2913 1682 2963 Heius.
1707 2930 1774 2965 m.
1797 2931 1899 2967 sec.
1933 2918 2120 2967 mittere
2144 2918 2245 2968 duo
2266 2920 2416 2976 Vatt,
2440 2919 2558 2969 Pal.
2584 2922 2728 2972 Rott.

511 2977 677 3028 Oisel.
698 2980 931 3028 Florent.
954 2977 1058 3027 duo
1077 2979 1224 3029 Med.
1248 2980 1352 3029 inc.
1392 2979 1573 3029 Heius.
1608 2980 1731 3031 Put.
1757 2981 1858 3029 duo
1883 2981 2071 3034 Petav.
2098 2985 2296 3035 Bonon.
2317 2985 2418 3034 duo
2440 2983 2624 3035 Ambr.
2647 2984 2729 3036 ed.

509 3042 688 3093 Parm.
722 3044 981 3093 ⁴intendere
1007 3043 1136 3094 Cod.
1161 3045 1339 3110 Epigr.
1365 3046 1680 3096 Amba—39
1706 3047 1877 3110 permis
1905 3047 2094 3098 Petav.
2120 3064 2224 3099 sec.
2251 3049 2429 3099 Ambr.
2456 3057 2580 3101 tert.
2601 3052 2731 3100 Bus-

509 3108 602 3158 lid.
632 3110 806 3171 pugnis
825 3109 940 3156 Pal.
963 3108 1066 3158 duo
1087 3108 1234 3158 Med.
1277 3110 1437 3174 pinnis
1458 3112 1580 3161 Vat.
1607 3117 1731 3160 tert.
1778 3113 1946 3175 pennis
1965 3128 2058 3176 pro
2077 3114 2303 3178 ferroque
2325 3115 2471 3164 Med.
2497 3130 2606 3176 sec.
2627 3116 2733 3166 inc.
2770 3129 2777 3136 ·

511 3172 828 3224 Heins.—-40
861 3173 1014 3222 bellua
1036 3173 1135 3222 inc.
1163 3175 1346 3226 Heius.
1370 3177 1559 3225 Petav.
1583 3191 1663 3239 pr.
1715 3175 1865 3226 bestia
1898 3177 2000 3226 duo
2021 3180 2167 3231 Vatt.
2191 3181 2303 3230 Pal.
2326 3182 2470 3230 Rott.
2496 3181 2734 3231 Oisel.-—-

511 3243 576 3290 41
612 3240 783 3288 Deest
805 3240 887 3288 hic
910 3252 1089 3287 versus
1113 3240 1245 3288 Lov.
1284 3246 1392 3289 sunt
1416 3240 1632 3306 profert
1655 3242 1884 3293 Florent.
1932 3248 2084 3293 tecum
2107 3244 2223 3294 Pal.
2242 3247 2388 3295 Med.
2419 3251 2633 3309 pr.—42
2663 3261 2734 3297 se·

622 3304 777 3354 utitur
795 3303 1127 3353 nusum—43
1169 3305 1302 3355 Unde
1322 3307 1436 3355 aliis
1457 3322 1549 3370 pro
1580 3307 1738 3355 Unum
1756 3309 1933 3357 animal
1952 3309 2151 3359 Buslid.
2185 3311 2391 3361 continet
2411 3326 2506 3375 pro
2524 3312 2735 3375 possidet

595 3384 642 3420 v.
676 3385 806 3418 arces
845 3369 1031 3419 PetaV.
1068 3373 1277 3432 pr.—44
1311 3372 1550 3421 industria
1586 3377 1714 3422 veste
1751 3373 1898 3422 Med.
1937 3379 2174 3424 sec.-'—45
2212 3376 2397 3430 Finxit,
2428 3391 2524 3440 pro
2562 3377 2738 3428 Fluxit

509 3434 633 3485 Vat.
655 3449 760 3484 sec.
780 3435 960 3484 flexit
986 3434 1114 3485 Lov.
1146 3435 1220 3487 ab
1251 3438 1477 3487 extremis
1497 3438 1612 3487 Pal.
1639 3437 1782 3487 Med.
1811 3454 1887 3501 pr.
1937 3441 2161 3503 quidquid
2177 3442 2304 3505 petit
2328 3441 2443 3491 Pal.
2465 3442 2568 3491 duo
2592 3441 2738 3492 Med.

508 3504 641 3550 -46
677 3500 874 3549 Ciconas
893 3501 1065 3551 Oxou.
1086 3514 1189 3551 sec.
1215 3501 1345 3551 Lov.
1370 3503 1572 3555 Buslid.
1633 3504 1844 3567 Cyconas
1881 3505 1982 3554 duo
2005 3506 2152 3555 Vatt.
2192 3506 2308 3557 Pal.
2345 3508 2581 3557 Floreat.
2624 3515 2734 3557 tres

509 3564 657 3614 Med.
677 3564 779 3614 duo
804 3566 989 3623 Heius.
1014 3566 1140 3616 Put.
1164 3566 1268 3617 duo
1290 3568 1478 3617 Petav.
1503 3569 1703 3617 Bonan.
1727 3569 1920 3619 Moret.
1947 3585 2025 3634 pr.
2045 3570 2174 3621 Cod.
2196 3572 2380 3636 Epigr.
2401 3570 2587 3622 Ambr-
2605 3574 2737 3623 Exc.

509 3629 731 3700 Lucens.
772 3646 849 3693 pr.
872 3632 996 3682 Var.
1020 3632 1127 3684 LL.
1149 3631 1234 3683 ed.
1274 3632 1569 3685 Antv.-47
1592 3633 1757 3693 feriae
1792 3650 1888 3699 pro
1909 3635 2073 3695 ferire
2107 3637 2230 3687 Vat.
2270 3641 2512 3689 sem-48
2542 3638 2740 3702 pecudis

511 3695 598 3744 vel
618 3696 818 3745 volucris
841 3696 1006 3747 Oisel.

1524 3833 1739 3883 NOTAE

510 3953 634 4019 igne
667 3955 883 4020 mollita,
921 3965 976 4006 et
1014 3957 1237 4011 leutiora
1268 3960 1431 4027 facta,
1465 3978 1582 4013 cur·
1663 3971 1719 4013 et
1740 3964 1818 4014 sic
1858 3964 2038 4028 quovis
2070 3970 2303 4029 tempore
2344 3979 2487 4015 arma
2525 3965 2738 4031 propria

454 4051 458 4056 ·
510 4042 700 4083 vantur
737 4034 789 4082 in
833 4050 1000 4094 arcus,
1033 4046 1089 4088 et
1125 4040 1204 4088 his
1249 4042 1584 4105 applicantur
1664 4042 1729 4092 ad
1763 4056 1819 4091 se
1857 4029 2241 4094 defendendum
2281 4044 2539 4097 habentis.
2569 4047 2586 4074 ‘
2611 4045 2736 4096 Fert

509 4106 660 4159 funes
683 4125 748 4159 ex
769 4112 936 4161 nervis
962 4122 1243 4164 taurorum.
1665 4120 1838 4172 omnia
1857 4119 2067 4172 secum!

576 4190 643 4236 40
667 4190 886 4251 Propriis
908 4193 1119 4240 munitur
1137 4193 1288 4243 bellua
1309 4195 1439 4259 telis]
1476 4196 1586 4245 Uu·
1677 4241 1690 4248 -
1729 4202 1796 4247 46
1810 4218 1818 4225 ·
1832 4197 2070 4262 Cydonas]
2105 4197 2337 4261 Populos
2361 4198 2559 4260 Cretae,
2582 4197 2731 4263 janue

513 4262 581 4314 de
606 4264 825 4329 Hystrix
861 4268 1152 4331 symbolum
1176 4280 1260 4320 est
1292 4271 1393 4320 viri
1414 4270 1588 4335 ἴοι-αἱς,
1667 4275 1728 4324 lis
1749 4275 2061 4340 sagittisque
2083 4274 2464 4328 celeberrimos.
2501 4275 2589 4325 De
2607 4274 2732 4326 Par·

498 4343 817 4411 ·su01anim0,
839 4359 933 4397 suo
965 4347 1177 4398 consilio
1200 4363 1326 4401 sese
1351 4350 1589 4416 tutantis5
1666 4351 1768 4414 this
1793 4350 1898 4402 alio
1921 4351 1976 4402 in
1996 4350 2130 4402 loco.
