3034 4934
1055 372 1133 420 1N
1186 371 1541 421 RUFINUM
1591 372 1740 419 1113.
1785 373 1837 419 1.

334 516 588 568 liubanem
627 514 789 566 Marti
828 515 922 564 dat
971 514 1024 564 in
1065 512 1405 579 profligandis

2371 355 2545 424 1263

1549 513 1809 577 Neritiasque
1838 512 2079 576 rotarum]
2132 496 2332 565 Quibus
2371 521 2547 566 necte-

335 593 586 656 hostibus,
615 593 680 642 ad
715 592 1026 642 felicitatem
1059 592 1403 641 indicandam.
1479 589 1674 639 bantur
1688 604 1863 640 currui
1881 598 2027 640 rotae
2063 591 2426 641 Nemautem
2437 600 2551 642 ten·

335 669 518 722 Infra·
554 670 734 719 ‘Hinc
768 670 984 720 Stilicho
1017 677 1231 734 turmas,
1260 669 1404 718 illinc

339 748 601 799 Gradivus
627 746 887 810 agebant.’

341 856 358 863 -
403 829 503 875 838
539 826 746 874 Thracas
778 824 1140 888 desendetaos]
1188 824 1405 874 Thracia

337 900 531 951 fertilis
572 899 801 950 Heroum
842 916 952 963 ora,
996 909 1052 952 ut
1089 902 1154 952 ab
1189 900 1405 951 Sidonio

340 978 654 1043 appellatur.
681 978 846 1028 Marti
858 979 1123 1043 proprium
1141 994 1170 1028 a
1188 979 1406 1042 scripto-

343 1054 485 1104 ribus
514 1053 760 1103 dedicata
780 1060 915 1116 erat,
941 1062 1125 1118 utpote
1148 1055 1406 1104 hominum

343 1145 458 1194 prae
496 1130 702 1179 caeteris
743 1130 1084 1180 animosorum
1122 1139 1306 1194 mater,
1350 1137 1408 1181 ut

341 1207 528 1257 scribit
593 1205 878 1257 Niceforus
932 1208 1148 1270 Callisti,
1205 1222 1282 1259 xi.
1329 1212 1409 1258 14.

346 1283 529 1335 Manil.
551 1283 640 1333 lib.
666 1298 742 1335 ιν.
791 1286 807 1312 ⁴
830 1285 1037 1335 Thrace
1054 1285 1282 1336 Martem
1305 1300 1410 1335 sor-

346 1360 450 1411 tita
469 1361 741 1410 colonum!
773 1361 959 1410 Barth.

350 1465 362 1475 ·
413 1442 512 1488 339
551 1437 734 1488 Vestitu
765 1438 929 1501 spoliis
958 1438 1188 1489 donabere
1221 1436 1414 1502 quercu]

346 1515 621 1578 Tropaeutn
659 1514 847 1576 innuit,
880 1515 1052 1579 qualia
1091 1515 1253 1566 Marti
1293 1520 1415 1577 post

348 1590 617 1640 victoriam
635 1604 665 1638 e
680 1604 875 1654 quercu
895 1590 1169 1653 erigebant
1192 1591 1278 1654 qui
1303 1590 1416 1639 llos·

348 1675 459 1719 tem
482 1667 820 1731 pepulissent.
855 1668 1043 1730 Virgil.
1064 1667 1155 1717 lib.
1175 1681 1254 1717 ιιι.
1296 1670 1311 1696 ‘
1332 1667 1418 1716 1n-‘

351 1749 559 1809 gentem
581 1757 828 1809 quercum
852 1743 1042 1792 decisis
1077 1742 1302 1807 undique
1338 1758 1416 1792 ra·

353 1821 454 1870 mis
483 1819 771 1868 Constituit
796 1819 1015 1879 tumulo,
1053 1816 1416 1883 fulgentiaque

352 1897 524 1952 induit
543 1911 699 1959 arma,
730 1896 967 1945 Mezenti
990 1894 1137 1945 ducis
1172 1896 1416 1957 exuvias3

354 1974 474 2039 tibi,
505 1990 712 2039 magne,
744 1980 1018 2038 tropaeum,
1055 1974 1417 2037 Bellipotens;

358 2053 513 2119 aptat
535 2054 791 2103 roranteis
811 2053 1061 2117 sangnine
1085 2052 1303 2117 cristas}
1325 2057 1421 2103 &c-

360 2157 374 2166 —
431 2129 639 2191 Vestitu]
667 2130 850 2191 Tecta,
872 2128 1069 2179 induta.
1101 2131 1283 2180 Barth.

363 2239 370 2243 -
428 2207 639 2269 Quercu]
672 2207 941 2271 Tropbaeo.

425 2287 523 2332 340
572 2282 748 2345 Pater]
801 2285 884 2333 Ex
920 2284 1274 2333 Romanorum
1313 2293 1428 2345 per·

358 2375 487 2411 sona
509 2361 754 2426 loquitur.
788 2361 1000 2425 Erynna
1022 2361 1238 2450 Lesbia:
1286 2356 1433 2423 Χαιρέ

359 2456 439 2500 μοι
457 2436 611 2499 Phua
630 2435 873 2501 θυγάτηρ“’
870 2444 1045 2501 Amos.

363 2546 376 2554 —
428 2515 731 2579 &epulisque
763 2513 999 2564 nivalibus
1020 2511 1160 2575 mini]
1189 2513 1327 2563 Inibi
1350 2470 1434 2561 ba-

362 2592 552 2642 bitatio
607 2592 810 2642 Martis.
879 2590 1146 2654 Papinius,
1200 2589 1290 2638 lib.
1332 2602 1433 2639 vu.

362 2669 514 2718 ‘Hic
534 2669 737 2718 steriles
760 2666 981 2716 delubra
1001 2674 1151 2717 notat
1171 2665 1436 2716 Mavortia
1463 2711 1466 2714 .

365 2745 540 2806 silvas,
575 2744 954 2810 Horrescitqne
975 2752 1144 2806 tuens,
1183 2743 1272 2793 ubi
1295 2743 1434 2791 mille

368 2821 635 2872 furoribus
655 2821 732 2870 illi
756 2821 996 2884 Cingitur
1014 2821 1234 2870 adverso
1254 2819 1435 2868 doinus

368 2899 710 2948 immansueta
730 2897 827 2947 sub
849 2897 1034 2961 AEmo‚'
1057 2901 1156 2947 διο.
1191 2896 1370 2945 Barth.
1417 2913 1428 2940 .-

433 2977 536 3030 ,341
568 2974 811 3024 Hortatur
842 2976 1013 3025 celeres
1046 2976 1246 3023 clamore
1277 2971 1439 3021 minis-

369 3052 495 3115 tros]
529 3051 689 3100 Celeri
722 3054 923 3101 clamore
945 3052 1097 3115 prim.
1122 3050 1360 3099 Vatican.
1384 3054 1440 3097 et

373 3129 652 3193 Pomponii
669 3130 800 3179 Laeti
824 3135 1091 3193 excerpta.
1126 3128 1195 3178 D.
1220 3127 1391 3177 Heius.

373 3239 384 3248 -
442 3205 682 3269 Clamore]
707 3206 833 3258 Quo
852 3205 1086 3269 gaudere
1103 3206 1247 3254 Mars
1268 3203 1443 3268 saepis·

375 3283 509 3334 sime
532 3282 765 3333 Homero
789 3282 1017 3347 fingitur.
1050 3283 1229 3333 Barth.

373 3389 384 3401 .
442 3363 540 3408 342
563 3359 664 3421 ,Fer
673 3360 878 3422 galeam,
899 3359 1121 3423 Bellona]
1140 3360 1270 3410 Haec
1284 3372 1445 3408 arma·

380 3435 486 3485 trix
502 3442 559 3487 et
577 3437 757 3501 auriga
776 3436 983 3487 Martis.
1018 3438 1205 3500 Papin.
1238 3437 1327 3485 lib.
1346 3449 1446 3485 vu.

375 3514 391 3539 ‘
419 3511 555 3574 regit
573 3519 688 3561 atra
702 3513 909 3576 jugales
922 3514 1218 3577 Sanguinea
1235 3514 1448 3562 Bellona

379 3589 748 3653 manu,longaq
755 3605 818 3640 ue
830 3588 1020 3654 fatigat
1030 3588 1295 3652 Cuspide?
1307 3589 1447 3641 Quin

381 3682 595 3733 prorsus
609 3668 711 3730 ipsi
724 3668 774 3717 in
793 3668 1083 3733 conjugium
1098 3668 1254 3717 datur
1270 3670 1449 3717 Valer.

380 3745 554 3796 Flacc.
590 3744 683 3794 lib.
707 3759 767 3795 11.
815 3750 829 3774 ‘
856 3745 1109 3809 Intonuit,
1146 3745 1451 3810 signumque

383 3821 538 3874 dedit
565 3822 828 3871 Mavortia
866 3822 1095 3887 conjux,'
1129 3827 1252 3874 &c.·
1301 3824 1452 3873 Hanc

385 3898 516 3949 nulli
538 3900 876 3963 pugnantium
912 3900 1049 3963 parti
1084 3898 1260 3949 favere
1292 3898 1454 3964 finge-

385 3975 532 4037 bant,
561 3976 651 4025 sed
688 3974 915 4025 caedibus
954 3977 1143 4040 ubique
1167 3976 1452 4026 delectari:

388 4052 703 4116 vides-apud
725 4053 973 4103 Quintum
999 4055 1200 4118 Smyru.
1227 4054 1313 4104 lib.
1331 4068 1456 4104 vm.

354 4175 358 4179 .
388 4138 567 4196 παραλ.
634 4131 712 4180 Eo
734 4130 951 4194 respicit
986 4132 1124 4196 quod
1158 4132 1308 4196 hujus
1332 4132 1457 4181 Dae-

389 4208 562 4260 monis
579 4207 879 4268 sacerdotes
919 4222 1032 4258 sese
1053 4206 1194 4258 ferro
1224 4210 1458 4259 vulnera-

395 4287 543 4348 bant,
574 4284 775 4337 cruoris
800 4284 912 4336 visu
934 4298 1050 4336 eam
1071 4283 1323 4336 delectari
1346 4300 1460 4337 cre-

396 4364 601 4418 dentes.

1486 667 1612 717 dere
1643 674 1727 718 est
1758 669 1871 718 lora
1908 668 2168 733 capitibus
2207 670 2319 718 axis
2359 657 2549 720 adnec-

1393 757 1401 768 ‘
1486 750 1622 808 tere,
1657 746 1846 810 quibus
1869 762 2050 796 currus
2084 746 2404 809 trahebatur,
2443 762 2551 797 non

1484 822 1623 871 enim
1637 824 1929 874 temonibus
1946 830 2098 873 erant
2113 823 2410 888 alligataea
2422 824 2554 889 lora,

1484 900 1577 950 sed
1618 902 1881 965 capitibus
1919 901 2110 964 axium,
2159 906 2214 949 nt
2249 899 2448 949 clarum
2485 914 2554 949 ex

1484 977 1703 1027 nummis
1721 977 1937 1043 aliisque
1956 976 2172 1041 picturis
2190 975 2391 1039 priscis.
2406 967 2555 1025 Bure.

1485 1081 1492 1090 ι
1551 1058 1646 1105 343
1675 1055 1844 1118 Teme,
1868 1055 2052 1118 Potor]
2067 1054 2171 1105 Hic
2185 1053 2557 1117 armigerorum

1490 1131 1684 1181 Martis
1706 1146 1853 1182 unus.
1888 1133 2039 1183 Idem.
2537 1143 2545 1155 ’

1511 1210 1731 1271 Tende,
1749 1209 1932 1273 Pavor]
1956 1209 2212 1258 Pavorem
2231 1212 2284 1256 et
2301 1203 2557 1256 Formidi-

1490 1299 1608 1336 nem
1635 1286 1825 1337 Martis
1850 1286 2071 1336 famulos
2095 1284 2242 1348 facit,
2266 1279 2559 1335 Hesiodum

1489 1367 1718 1414 secutus.
1784 1364 2006 1414 Currum
2037 1363 2226 1413 Martis
2261 1369 2316 1412 et
2339 1360 2559 1415 famulos

1490 1439 1819 1504 descripsere
1842 1442 2011 1492 etiam·
2035 1440 2255 1490 Homer.
2301 1437 2451 1488 Iliad.
2479 1442 2560 1487 14.

1493 1515 1583 1581 qni
1602 1518 1769 1580 δεῖνον,
1786 1517 1958 1581 φόβον,
1982 1515 2130 1581 ἔριδα,
2151 1522 2400 1578 terrorem,
2419 1530 2564 1579 pavo-

1490 1606 1609 1656 rem,
1619 1597 1959 1644 contentionem
1977 1594 2137 1659 ponit.
2173 1595 2244 1643 Et
2256 1595 2430 1653 Maro,
2445 1587 2564 1641 AEni

1493 1681 1618 1718 vm.
1652 1670 1667 1698 ‘
1691 1671 1992 1735 Tristesque
2034 1685 2101 1720 ex
2148 1671 2344 1720 aethere
2382 1665 2564 1730 Dirae'3

1494 1746 1566 1795 Et
1579 1746 1734 1797 scissa
1750 1747 1980 1811 gaudens
1994 1747 2136 1797 vadit
2155 1746 2437 1797 Discordia
2456 1745 2567 1809 pal-

1495 1822 1575 1871 la:
1635 1824 1802 1875 Quam
1841 1839 1959 1874 cum
2008 1823 2294 1888 sanguineo
2333 1819 2570 1887 sequitur

1496 1897 1718 1948 Beliona
1754 1898 2000 1964 flagello.'
2067 1901 2139 1950 Et
2173 1906 2353 1949 noster
2388 1899 2480 1949 lib.
2505 1892 2568 1948 ιε’.

1499 1973 1567 2023 de
1590 1975 1784 2023 laudib.
1807 1976 2012 2025 Stilich.
2062 1976 2079 2005 ‘
2105 1976 2328 2025 Currum
2348 1974 2571 2026 Bellona

1500 2059 1775 2101 cruentum
1794 2047 2008 2102 Ditibus
2026 2053 2248 2115 exuviis,
2262 2053 2572 2102 tendentem

1502 2127 1569 2175 ad
1594 2126 1764 2177 sidera
1784 2143 2054 2193 quercum,
2088 2129 2359 2179 Praecedit
2393 2130 2572 2178 lictor-

1503 2219 1607 2269 que
1629 2204 1828 2269 Metus,
1859 2222 1977 2257 cum
1997 2206 2160 2257 fratre
2183 2207 2409 2272 Pavore,
2442 2207 2574 2256 Bar-

1505 2281 1632 2331 bara
1655 2280 1862 2332 ferratis
1893 2282 2168 2334 innectunt
2198 2283 2335 2333 colla
2356 2281 2577 2345 catenis,

1508 2360 1754 2410 Formido
1794 2362 2059 2425 ingentem
2099 2361 2270 2412 vibrat
2313 2361 2578 2412 succincta

1507 2437 1748 2487 securim.
1748 2437 1764 2460 '
1795 2439 2016 2502 Dempst.

1575 2516 1672 2563 844
1735 2514 1914 2576 Urgete
1955 2514 2143 2578 manus]
2207 2514 2433 2579 Operas,
2479 2528 2576 2579 pro

1509 2591 1695 2654 quibus
1718 2605 1896 2639 manus
1917 2591 2054 2683 ipsas
2076 2591 2254 2640 dicunt
2273 2591 2578 2657 scriptores.

1509 2667 1689 2718 Barth.

1526 2748 1671 2794 345
1706 2745 1789 2795 Aa
1810 2745 1977 2796 bellum
1998 2746 2258 2809 Stilichon]
2291 2747 2422 2797 Cum
2444 2745 2580 2809 aspi-

1514 2822 1718 2871 ratione
1738 2822 1925 2887 ubique
1946 2825 2274 2874 scribendum
2294 2824 2346 2873 id
2362 2819 2581 2873 nomen:

1513 2899 1771 2962 quomodo
1802 2898 1913 2949 fere
1938 2903 2165 2966 antiquae
2190 2900 2581 2965 inscriptiones;

1511 2991 1547 3039 q
1555 2974 1761 3039 nicquid
1777 2973 2021 3027 Ba‘rthius
2037 2978 2350 3043 obloquitur.
2384 2977 2585 3028 Graecis

1514 3050 1780 3113 Στελιχῶν·
1805 3055 1938 3103 male
1957 3068 2083 3119 ergo
2100 3056 2293 3105 Portus
2315 3054 2455 3119 apud
2472 3054 2587 3104 Sui-

1517 3130 1637 3179 dam
1676 3131 1905 3181 Στιλικὼν
1945 3134 2125 3196 reponi
2157 3132 2327 3196 jubet.
2395 3130 2589 3195 Scripti

1513 3210 1678 3258 etiam
1696 3211 1932 3260 nonnulli
1964 3226 2083 3260 cum
2108 3211 2480 3275 Pomponianis
2500 3225 2589 3260 ex·

1518 3286 1716 3349 cerptis
1735 3286 1985 3350 δ’ἐίὶίοὴοπ,
2021 3294 2130 3337 tam
2165 3288 2248 3335 hic
2272 3300 2424 3349 quam
2448 3285 2592 3349 alibi,

1523 3363 1824 3411 Graecorum
1854 3387 1859 3394 -
1883 3377 2056 3411 more:
2116 3361 2375 3426 quomodo
2427 3362 2591 3410 etiam

1527 3439 1707 3490 Gildcm
1730 3445 1784 3488 et
1808 3439 2012 3501 Aquilam
2037 3437 2191 3486 iidem
2209 3450 2310 3486 non
2334 3450 2452 3485 raro
2473 3434 2595 3485 scri-

1526 3515 1671 3565 bunt.
1705 3515 1955 3579 Sequenti
1977 3528 2131 3563 versu
2167 3514 2309 3562 Ditet
2327 3518 2383 3562 et
2403 3509 2593 3575 suspen*-

1525 3593 1629 3652 «ἰαί,
1664 3605 1764 3640 non
1785 3592 1913 3640 ditat
1947 3596 2004 3640 et
2039 3587 2297 3653 suspendit,
2314 3586 2594 3651 legendnm

1528 3677 1676 3733 puto.
1743 3668 1910 3717 Paulo
1949 3673 2073 3717 aute
2098 3666 2246 3725 frena
2277 3664 2469 3727 rapidos
2497 3655 2594 3726 pro

1515 3745 1695 3806 sroenet
1719 3745 1821 3794 duo
1846 3743 2117 3794 Mediceis
2139 3742 2301 3792 bene:
2325 3739 2597 3804 superiora
2633 3761 2638 3766 ·

1530 3821 1857 3873 confirmant.
1912 3822 1984 3873 D.
2004 3822 2176 3872 Heius.

1527 3917 1535 3928 ‘
1597 3904 1695 3950 346
1718 3899 1918 3961 Arbore]
1940 3900 2165 3962 Tropaea
2179 3897 2244 3946 de
2266 3896 2420 3960 liguis
2439 3893 2597 3945 facta.

1602 3975 1813 4039 Cristas]
1858 3977 2049 4027 Galeas
2081 3976 2301 4024 hostium
2329 3973 2600 4023 cristatas.

1532 4054 1832 4117 Virgil.-lib.
1874 4066 1953 4104 xl.
1997 4053 2013 4080 ‘
2039 4052 2272 4101 Mezenti
2307 4050 2453 4099 ducis
2475 4056 2602 4099 exu'·

1530 4132 1666 4195 vias,
1682 4132 1798 4192 tibi,
1814 4139 2280 4194 magne,=tropaeum
2314 4143 2330 4188 3
2372 4128 2604 4191 Bellipo-

1534 4214 1652 4257 tens
1671 4223 1686 4269 ;
1703 4213 1852 4271 aptat
1869 4214 2106 4255 rorantes
2123 4204 2371 4268 sanguine
2386 4203 2606 4254 cristas.’

1537 4297 1541 4301 ·
1601 4289 1698 4335 347
1736 4285 2012 4338 Communes
2029 4298 2210 4347 semper
2226 4282 2363 4346 litui]
2404 4283 2480 4332 Ut
2498 4277 2604 4331 non

1537 4360 2115 4427 interruptum-cursum
2139 4359 2472 4411 victoriarum
2501 4359 2605 4411 Sti·
